%YAML 1.1
%TAG !u! tag:unity3d.com,2011:
--- !u!1 &387293612380351754
GameObject:
  m_ObjectHideFlags: 0
  m_CorrespondingSourceObject: {fileID: 0}
  m_PrefabInstance: {fileID: 0}
  m_PrefabAsset: {fileID: 0}
  serializedVersion: 6
  m_Component:
  - component: {fileID: 6478335971100145428}
  m_Layer: 0
  m_Name: CH_FingerR2_R
  m_TagString: Untagged
  m_Icon: {fileID: 0}
  m_NavMeshLayer: 0
  m_StaticEditorFlags: 0
  m_IsActive: 1
--- !u!4 &6478335971100145428
Transform:
  m_ObjectHideFlags: 0
  m_CorrespondingSourceObject: {fileID: 0}
  m_PrefabInstance: {fileID: 0}
  m_PrefabAsset: {fileID: 0}
  m_GameObject: {fileID: 387293612380351754}
  m_LocalRotation: {x: 0.015779315, y: 0.0011468076, z: 0.1497431, w: 0.9885984}
  m_LocalPosition: {x: 0.02593868, y: 0.008041132, z: 0.00006686032}
  m_LocalScale: {x: 1, y: 1, z: 1}
  m_Children: []
  m_Father: {fileID: 126837062864788835}
  m_RootOrder: 0
  m_LocalEulerAnglesHint: {x: 0, y: 0, z: 0}
--- !u!1 &768137793752317330
GameObject:
  m_ObjectHideFlags: 0
  m_CorrespondingSourceObject: {fileID: 0}
  m_PrefabInstance: {fileID: 0}
  m_PrefabAsset: {fileID: 0}
  serializedVersion: 6
  m_Component:
  - component: {fileID: 8251766268123434900}
  m_Layer: 0
  m_Name: CH_Hips
  m_TagString: Untagged
  m_Icon: {fileID: 0}
  m_NavMeshLayer: 0
  m_StaticEditorFlags: 0
  m_IsActive: 1
--- !u!4 &8251766268123434900
Transform:
  m_ObjectHideFlags: 0
  m_CorrespondingSourceObject: {fileID: 0}
  m_PrefabInstance: {fileID: 0}
  m_PrefabAsset: {fileID: 0}
  m_GameObject: {fileID: 768137793752317330}
  m_LocalRotation: {x: 0, y: -0, z: -0, w: 1}
  m_LocalPosition: {x: 0.000078739526, y: 0.5055117, z: -0.0041308976}
  m_LocalScale: {x: 1, y: 1, z: 1}
  m_Children:
  - {fileID: 1985022543218298556}
  - {fileID: 2019966977880195057}
  - {fileID: 3499008498824168200}
  m_Father: {fileID: 2257044155929514254}
  m_RootOrder: 1
  m_LocalEulerAnglesHint: {x: 0, y: 0, z: 0}
--- !u!1 &918766499513139108
GameObject:
  m_ObjectHideFlags: 0
  m_CorrespondingSourceObject: {fileID: 0}
  m_PrefabInstance: {fileID: 0}
  m_PrefabAsset: {fileID: 0}
  serializedVersion: 6
  m_Component:
  - component: {fileID: 6045348287844924453}
  m_Layer: 0
  m_Name: CH_FingerMid0_L
  m_TagString: Untagged
  m_Icon: {fileID: 0}
  m_NavMeshLayer: 0
  m_StaticEditorFlags: 0
  m_IsActive: 1
--- !u!4 &6045348287844924453
Transform:
  m_ObjectHideFlags: 0
  m_CorrespondingSourceObject: {fileID: 0}
  m_PrefabInstance: {fileID: 0}
  m_PrefabAsset: {fileID: 0}
  m_GameObject: {fileID: 918766499513139108}
  m_LocalRotation: {x: -0.06523738, y: -0.067728445, z: 0.40226027, w: 0.91068304}
  m_LocalPosition: {x: -0.10272816, y: 0.0074394206, z: 0.02315221}
  m_LocalScale: {x: 1, y: 1, z: 1}
  m_Children:
  - {fileID: 8490915900410765491}
  m_Father: {fileID: 2133589692882490616}
  m_RootOrder: 1
  m_LocalEulerAnglesHint: {x: 0, y: 0, z: 0}
--- !u!1 &1071101981794811885
GameObject:
  m_ObjectHideFlags: 0
  m_CorrespondingSourceObject: {fileID: 0}
  m_PrefabInstance: {fileID: 0}
  m_PrefabAsset: {fileID: 0}
  serializedVersion: 6
  m_Component:
  - component: {fileID: 5395467482150543880}
  m_Layer: 0
  m_Name: CH_FingerIn1_L
  m_TagString: Untagged
  m_Icon: {fileID: 0}
  m_NavMeshLayer: 0
  m_StaticEditorFlags: 0
  m_IsActive: 1
--- !u!4 &5395467482150543880
Transform:
  m_ObjectHideFlags: 0
  m_CorrespondingSourceObject: {fileID: 0}
  m_PrefabInstance: {fileID: 0}
  m_PrefabAsset: {fileID: 0}
  m_GameObject: {fileID: 1071101981794811885}
  m_LocalRotation: {x: 0.23233059, y: 0.063014165, z: -0.10311055, w: 0.965101}
  m_LocalPosition: {x: -0.025327865, y: 0.015581, z: 0.0057683294}
  m_LocalScale: {x: 1, y: 1, z: 1}
  m_Children:
  - {fileID: 8330382940275670204}
  m_Father: {fileID: 2138474238584125050}
  m_RootOrder: 0
  m_LocalEulerAnglesHint: {x: 0, y: 0, z: 0}
--- !u!1 &1172077724594582440
GameObject:
  m_ObjectHideFlags: 0
  m_CorrespondingSourceObject: {fileID: 0}
  m_PrefabInstance: {fileID: 0}
  m_PrefabAsset: {fileID: 0}
  serializedVersion: 6
  m_Component:
  - component: {fileID: 2257044155929514254}
  m_Layer: 0
  m_Name: Character1_Reference
  m_TagString: Untagged
  m_Icon: {fileID: 0}
  m_NavMeshLayer: 0
  m_StaticEditorFlags: 0
  m_IsActive: 1
--- !u!4 &2257044155929514254
Transform:
  m_ObjectHideFlags: 0
  m_CorrespondingSourceObject: {fileID: 0}
  m_PrefabInstance: {fileID: 0}
  m_PrefabAsset: {fileID: 0}
  m_GameObject: {fileID: 1172077724594582440}
  m_LocalRotation: {x: 0, y: -0, z: -0, w: 1}
  m_LocalPosition: {x: -0, y: 0, z: 0.0000000012162994}
  m_LocalScale: {x: 1, y: 1, z: 1}
  m_Children:
  - {fileID: 3354155693304182262}
  - {fileID: 8251766268123434900}
  m_Father: {fileID: 2615732615640170977}
  m_RootOrder: 0
  m_LocalEulerAnglesHint: {x: 0, y: 0, z: 0}
--- !u!1 &1303698824378987506
GameObject:
  m_ObjectHideFlags: 0
  m_CorrespondingSourceObject: {fileID: 0}
  m_PrefabInstance: {fileID: 0}
  m_PrefabAsset: {fileID: 0}
  serializedVersion: 6
  m_Component:
  - component: {fileID: 2615732615640170977}
  - component: {fileID: 5388259214813981851}
  - component: {fileID: 493837643680044320}
  - component: {fileID: 493837643680044335}
  m_Layer: 0
  m_Name: Girl
  m_TagString: Untagged
  m_Icon: {fileID: 0}
  m_NavMeshLayer: 0
  m_StaticEditorFlags: 0
  m_IsActive: 1
--- !u!4 &2615732615640170977
Transform:
  m_ObjectHideFlags: 0
  m_CorrespondingSourceObject: {fileID: 0}
  m_PrefabInstance: {fileID: 0}
  m_PrefabAsset: {fileID: 0}
  m_GameObject: {fileID: 1303698824378987506}
  m_LocalRotation: {x: 0, y: 0.7071068, z: -0, w: -0.7071068}
  m_LocalPosition: {x: 6.18, y: 0, z: 8.32}
  m_LocalScale: {x: 1, y: 1, z: 1}
  m_Children:
  - {fileID: 2257044155929514254}
  - {fileID: 6495253013442982742}
  m_Father: {fileID: 0}
  m_RootOrder: 0
  m_LocalEulerAnglesHint: {x: 0, y: 270, z: 0}
--- !u!95 &5388259214813981851
Animator:
  serializedVersion: 3
  m_ObjectHideFlags: 0
  m_CorrespondingSourceObject: {fileID: 0}
  m_PrefabInstance: {fileID: 0}
  m_PrefabAsset: {fileID: 0}
  m_GameObject: {fileID: 1303698824378987506}
  m_Enabled: 1
  m_Avatar: {fileID: 9000000, guid: 1b7b61f47a25486408a9ef0e3eafc9d2, type: 3}
  m_Controller: {fileID: 9100000, guid: 4dd0f1c0738e46242b2f0eca633774d0, type: 2}
  m_CullingMode: 1
  m_UpdateMode: 0
  m_ApplyRootMotion: 1
  m_LinearVelocityBlending: 0
  m_WarningMessage: 
  m_HasTransformHierarchy: 1
  m_AllowConstantClipSamplingOptimization: 1
  m_KeepAnimatorControllerStateOnDisable: 0
--- !u!114 &493837643680044320
MonoBehaviour:
  m_ObjectHideFlags: 0
  m_CorrespondingSourceObject: {fileID: 0}
  m_PrefabInstance: {fileID: 0}
  m_PrefabAsset: {fileID: 0}
  m_GameObject: {fileID: 1303698824378987506}
  m_Enabled: 1
  m_EditorHideFlags: 0
  m_Script: {fileID: 11500000, guid: b80a9f9eeaf78bd4ca0ffba366f65994, type: 3}
  m_Name: 
  m_EditorClassIdentifier: 
  Playerpos: {fileID: 0}
  throwSpot: {fileID: 0}
--- !u!195 &493837643680044335
NavMeshAgent:
  m_ObjectHideFlags: 0
  m_CorrespondingSourceObject: {fileID: 0}
  m_PrefabInstance: {fileID: 0}
  m_PrefabAsset: {fileID: 0}
  m_GameObject: {fileID: 1303698824378987506}
  m_Enabled: 1
  m_AgentTypeID: 0
  m_Radius: 0.5
  m_Speed: 3.5
  m_Acceleration: 8
  avoidancePriority: 50
  m_AngularSpeed: 120
  m_StoppingDistance: 0
  m_AutoTraverseOffMeshLink: 1
  m_AutoBraking: 1
  m_AutoRepath: 1
  m_Height: 2
  m_BaseOffset: 0
  m_WalkableMask: 4294967295
  m_ObstacleAvoidanceType: 4
--- !u!1 &1434694105250974818
GameObject:
  m_ObjectHideFlags: 0
  m_CorrespondingSourceObject: {fileID: 0}
  m_PrefabInstance: {fileID: 0}
  m_PrefabAsset: {fileID: 0}
  serializedVersion: 6
  m_Component:
  - component: {fileID: 8853313492988997385}
  m_Layer: 0
  m_Name: CH_For_L
  m_TagString: Untagged
  m_Icon: {fileID: 0}
  m_NavMeshLayer: 0
  m_StaticEditorFlags: 0
  m_IsActive: 1
--- !u!4 &8853313492988997385
Transform:
  m_ObjectHideFlags: 0
  m_CorrespondingSourceObject: {fileID: 0}
  m_PrefabInstance: {fileID: 0}
  m_PrefabAsset: {fileID: 0}
  m_GameObject: {fileID: 1434694105250974818}
  m_LocalRotation: {x: -0.12048972, y: -0.09351562, z: -0.015898228, w: 0.98817223}
  m_LocalPosition: {x: -0.22958831, y: 0.019693404, z: -0.06614093}
  m_LocalScale: {x: 1, y: 1, z: 1}
  m_Children:
  - {fileID: 2133589692882490616}
  m_Father: {fileID: 115655615554169808}
  m_RootOrder: 0
  m_LocalEulerAnglesHint: {x: 0, y: 0, z: 0}
--- !u!1 &1653264018132389535
GameObject:
  m_ObjectHideFlags: 0
  m_CorrespondingSourceObject: {fileID: 0}
  m_PrefabInstance: {fileID: 0}
  m_PrefabAsset: {fileID: 0}
  serializedVersion: 6
  m_Component:
  - component: {fileID: 1372682563618737079}
  m_Layer: 0
  m_Name: CH_Foot_R
  m_TagString: Untagged
  m_Icon: {fileID: 0}
  m_NavMeshLayer: 0
  m_StaticEditorFlags: 0
  m_IsActive: 1
--- !u!4 &1372682563618737079
Transform:
  m_ObjectHideFlags: 0
  m_CorrespondingSourceObject: {fileID: 0}
  m_PrefabInstance: {fileID: 0}
  m_PrefabAsset: {fileID: 0}
  m_GameObject: {fileID: 1653264018132389535}
  m_LocalRotation: {x: -0.15738131, y: 0.83972317, z: 0.4006633, w: 0.33100617}
  m_LocalPosition: {x: 0.0013248863, y: 0.12928608, z: 0.0001245275}
  m_LocalScale: {x: 1, y: 1, z: 1}
  m_Children:
  - {fileID: 3221371363799622920}
  m_Father: {fileID: 4325950376034933779}
  m_RootOrder: 0
  m_LocalEulerAnglesHint: {x: 0, y: 0, z: 0}
--- !u!1 &2139811776918513339
GameObject:
  m_ObjectHideFlags: 0
  m_CorrespondingSourceObject: {fileID: 0}
  m_PrefabInstance: {fileID: 0}
  m_PrefabAsset: {fileID: 0}
  serializedVersion: 6
  m_Component:
  - component: {fileID: 8116489260572528624}
  m_Layer: 0
  m_Name: CH_FingerMid2_L
  m_TagString: Untagged
  m_Icon: {fileID: 0}
  m_NavMeshLayer: 0
  m_StaticEditorFlags: 0
  m_IsActive: 1
--- !u!4 &8116489260572528624
Transform:
  m_ObjectHideFlags: 0
  m_CorrespondingSourceObject: {fileID: 0}
  m_PrefabInstance: {fileID: 0}
  m_PrefabAsset: {fileID: 0}
  m_GameObject: {fileID: 2139811776918513339}
  m_LocalRotation: {x: 0.018525358, y: 0.0001936674, z: -0.10798082, w: 0.99398035}
  m_LocalPosition: {x: -0.030745722, y: 0.0072587333, z: 0.00004907757}
  m_LocalScale: {x: 1, y: 1, z: 1}
  m_Children: []
  m_Father: {fileID: 8490915900410765491}
  m_RootOrder: 0
  m_LocalEulerAnglesHint: {x: 0, y: 0, z: 0}
--- !u!1 &2167780187347082184
GameObject:
  m_ObjectHideFlags: 0
  m_CorrespondingSourceObject: {fileID: 0}
  m_PrefabInstance: {fileID: 0}
  m_PrefabAsset: {fileID: 0}
  serializedVersion: 6
  m_Component:
  - component: {fileID: 2075404055565266507}
  m_Layer: 0
  m_Name: CH_FingerP0_L
  m_TagString: Untagged
  m_Icon: {fileID: 0}
  m_NavMeshLayer: 0
  m_StaticEditorFlags: 0
  m_IsActive: 1
--- !u!4 &2075404055565266507
Transform:
  m_ObjectHideFlags: 0
  m_CorrespondingSourceObject: {fileID: 0}
  m_PrefabInstance: {fileID: 0}
  m_PrefabAsset: {fileID: 0}
  m_GameObject: {fileID: 2167780187347082184}
  m_LocalRotation: {x: -0.031288728, y: -0.0587777, z: 0.44388747, w: 0.8936052}
  m_LocalPosition: {x: -0.09091932, y: 0.009753197, z: -0.035451416}
  m_LocalScale: {x: 1, y: 1, z: 1}
  m_Children:
  - {fileID: 2350659137686706990}
  m_Father: {fileID: 2133589692882490616}
  m_RootOrder: 2
  m_LocalEulerAnglesHint: {x: 0, y: 0, z: 0}
--- !u!1 &2199408038167781206
GameObject:
  m_ObjectHideFlags: 0
  m_CorrespondingSourceObject: {fileID: 0}
  m_PrefabInstance: {fileID: 0}
  m_PrefabAsset: {fileID: 0}
  serializedVersion: 6
  m_Component:
  - component: {fileID: 3354155693304182262}
  m_Layer: 0
  m_Name: CH_FootBase
  m_TagString: Untagged
  m_Icon: {fileID: 0}
  m_NavMeshLayer: 0
  m_StaticEditorFlags: 0
  m_IsActive: 1
--- !u!4 &3354155693304182262
Transform:
  m_ObjectHideFlags: 0
  m_CorrespondingSourceObject: {fileID: 0}
  m_PrefabInstance: {fileID: 0}
  m_PrefabAsset: {fileID: 0}
  m_GameObject: {fileID: 2199408038167781206}
  m_LocalRotation: {x: -0, y: 0.7071068, z: 0, w: 0.7071068}
  m_LocalPosition: {x: -0, y: -5.3166134e-17, z: -0.0000000012162994}
  m_LocalScale: {x: 1, y: 1, z: 1}
  m_Children: []
  m_Father: {fileID: 2257044155929514254}
  m_RootOrder: 0
  m_LocalEulerAnglesHint: {x: 0, y: 0, z: 0}
--- !u!1 &2402768422361608050
GameObject:
  m_ObjectHideFlags: 0
  m_CorrespondingSourceObject: {fileID: 0}
  m_PrefabInstance: {fileID: 0}
  m_PrefabAsset: {fileID: 0}
  serializedVersion: 6
  m_Component:
  - component: {fileID: 8490915900410765491}
  m_Layer: 0
  m_Name: CH_FingerMid1_L
  m_TagString: Untagged
  m_Icon: {fileID: 0}
  m_NavMeshLayer: 0
  m_StaticEditorFlags: 0
  m_IsActive: 1
--- !u!4 &8490915900410765491
Transform:
  m_ObjectHideFlags: 0
  m_CorrespondingSourceObject: {fileID: 0}
  m_PrefabInstance: {fileID: 0}
  m_PrefabAsset: {fileID: 0}
  m_GameObject: {fileID: 2402768422361608050}
  m_LocalRotation: {x: 0.10346784, y: 0.035868213, z: 0.0072940257, w: 0.9939591}
  m_LocalPosition: {x: -0.029112242, y: 0.012962422, z: 0.0053691766}
  m_LocalScale: {x: 1, y: 1, z: 1}
  m_Children:
  - {fileID: 8116489260572528624}
  m_Father: {fileID: 6045348287844924453}
  m_RootOrder: 0
  m_LocalEulerAnglesHint: {x: 0, y: 0, z: 0}
--- !u!1 &2480827652705315136
GameObject:
  m_ObjectHideFlags: 0
  m_CorrespondingSourceObject: {fileID: 0}
  m_PrefabInstance: {fileID: 0}
  m_PrefabAsset: {fileID: 0}
  serializedVersion: 6
  m_Component:
  - component: {fileID: 903664389900055885}
  m_Layer: 0
  m_Name: CH_FingerR0_R
  m_TagString: Untagged
  m_Icon: {fileID: 0}
  m_NavMeshLayer: 0
  m_StaticEditorFlags: 0
  m_IsActive: 1
--- !u!4 &903664389900055885
Transform:
  m_ObjectHideFlags: 0
  m_CorrespondingSourceObject: {fileID: 0}
  m_PrefabInstance: {fileID: 0}
  m_PrefabAsset: {fileID: 0}
  m_GameObject: {fileID: 2480827652705315136}
  m_LocalRotation: {x: -0.067965746, y: 0.112671964, z: -0.39769715, w: 0.9080323}
  m_LocalPosition: {x: 0.09679033, y: 0.009699889, z: -0.007865009}
  m_LocalScale: {x: 1, y: 1, z: 1}
  m_Children:
  - {fileID: 126837062864788835}
  m_Father: {fileID: 8703272547163394367}
  m_RootOrder: 3
  m_LocalEulerAnglesHint: {x: 0, y: 0, z: 0}
--- !u!1 &2502153467658826055
GameObject:
  m_ObjectHideFlags: 0
  m_CorrespondingSourceObject: {fileID: 0}
  m_PrefabInstance: {fileID: 0}
  m_PrefabAsset: {fileID: 0}
  serializedVersion: 6
  m_Component:
  - component: {fileID: 4066292225145656384}
  m_Layer: 0
  m_Name: CH_Neck
  m_TagString: Untagged
  m_Icon: {fileID: 0}
  m_NavMeshLayer: 0
  m_StaticEditorFlags: 0
  m_IsActive: 1
--- !u!4 &4066292225145656384
Transform:
  m_ObjectHideFlags: 0
  m_CorrespondingSourceObject: {fileID: 0}
  m_PrefabInstance: {fileID: 0}
  m_PrefabAsset: {fileID: 0}
  m_GameObject: {fileID: 2502153467658826055}
  m_LocalRotation: {x: 0.072197944, y: 1.1347402e-10, z: -2.740138e-10, w: 0.99739033}
  m_LocalPosition: {x: -9.313226e-10, y: 0.17969139, z: -0.0031589505}
  m_LocalScale: {x: 1, y: 1, z: 1}
  m_Children:
  - {fileID: 1505572135615143689}
  m_Father: {fileID: 2498164872069640964}
  m_RootOrder: 0
  m_LocalEulerAnglesHint: {x: 0, y: 0, z: 0}
--- !u!1 &3158276260643015899
GameObject:
  m_ObjectHideFlags: 0
  m_CorrespondingSourceObject: {fileID: 0}
  m_PrefabInstance: {fileID: 0}
  m_PrefabAsset: {fileID: 0}
  serializedVersion: 6
  m_Component:
  - component: {fileID: 5534163324823969806}
  m_Layer: 0
  m_Name: CH_FingerTh1_R
  m_TagString: Untagged
  m_Icon: {fileID: 0}
  m_NavMeshLayer: 0
  m_StaticEditorFlags: 0
  m_IsActive: 1
--- !u!4 &5534163324823969806
Transform:
  m_ObjectHideFlags: 0
  m_CorrespondingSourceObject: {fileID: 0}
  m_PrefabInstance: {fileID: 0}
  m_PrefabAsset: {fileID: 0}
  m_GameObject: {fileID: 3158276260643015899}
  m_LocalRotation: {x: -0.4904012, y: 0.2732381, z: -0.27208376, w: 0.78154856}
  m_LocalPosition: {x: 0.039072897, y: 0.0039260373, z: -0.02275807}
  m_LocalScale: {x: 1, y: 1, z: 1}
  m_Children:
  - {fileID: 5015111519403371155}
  m_Father: {fileID: 4415480356284596368}
  m_RootOrder: 0
  m_LocalEulerAnglesHint: {x: 0, y: 0, z: 0}
--- !u!1 &3203744018339044871
GameObject:
  m_ObjectHideFlags: 0
  m_CorrespondingSourceObject: {fileID: 0}
  m_PrefabInstance: {fileID: 0}
  m_PrefabAsset: {fileID: 0}
  serializedVersion: 6
  m_Component:
  - component: {fileID: 5894993905055900531}
  m_Layer: 0
  m_Name: CH_FingerP2_R
  m_TagString: Untagged
  m_Icon: {fileID: 0}
  m_NavMeshLayer: 0
  m_StaticEditorFlags: 0
  m_IsActive: 1
--- !u!4 &5894993905055900531
Transform:
  m_ObjectHideFlags: 0
  m_CorrespondingSourceObject: {fileID: 0}
  m_PrefabInstance: {fileID: 0}
  m_PrefabAsset: {fileID: 0}
  m_GameObject: {fileID: 3203744018339044871}
  m_LocalRotation: {x: -0.01082813, y: 0.0045696436, z: 0.10846038, w: 0.9940313}
  m_LocalPosition: {x: 0.021480944, y: 0.0051302174, z: -0.0005797016}
  m_LocalScale: {x: 1, y: 1, z: 1}
  m_Children: []
  m_Father: {fileID: 8405505757371894212}
  m_RootOrder: 0
  m_LocalEulerAnglesHint: {x: 0, y: 0, z: 0}
--- !u!1 &3499024354683800089
GameObject:
  m_ObjectHideFlags: 0
  m_CorrespondingSourceObject: {fileID: 0}
  m_PrefabInstance: {fileID: 0}
  m_PrefabAsset: {fileID: 0}
  serializedVersion: 6
  m_Component:
  - component: {fileID: 8847334376241428114}
  m_Layer: 0
  m_Name: CH_FingerR2_L
  m_TagString: Untagged
  m_Icon: {fileID: 0}
  m_NavMeshLayer: 0
  m_StaticEditorFlags: 0
  m_IsActive: 1
--- !u!4 &8847334376241428114
Transform:
  m_ObjectHideFlags: 0
  m_CorrespondingSourceObject: {fileID: 0}
  m_PrefabInstance: {fileID: 0}
  m_PrefabAsset: {fileID: 0}
  m_GameObject: {fileID: 3499024354683800089}
  m_LocalRotation: {x: 0.01578062, y: -0.0011461771, z: -0.14974265, w: 0.9885984}
  m_LocalPosition: {x: -0.025938682, y: 0.00804113, z: 0.00006687253}
  m_LocalScale: {x: 1, y: 1, z: 1}
  m_Children: []
  m_Father: {fileID: 2044652718459818418}
  m_RootOrder: 0
  m_LocalEulerAnglesHint: {x: 0, y: 0, z: 0}
--- !u!1 &3606165004952830815
GameObject:
  m_ObjectHideFlags: 0
  m_CorrespondingSourceObject: {fileID: 0}
  m_PrefabInstance: {fileID: 0}
  m_PrefabAsset: {fileID: 0}
  serializedVersion: 6
  m_Component:
  - component: {fileID: 1675106552294188841}
  m_Layer: 0
  m_Name: CH_Uppe_R
  m_TagString: Untagged
  m_Icon: {fileID: 0}
  m_NavMeshLayer: 0
  m_StaticEditorFlags: 0
  m_IsActive: 1
--- !u!4 &1675106552294188841
Transform:
  m_ObjectHideFlags: 0
  m_CorrespondingSourceObject: {fileID: 0}
  m_PrefabInstance: {fileID: 0}
  m_PrefabAsset: {fileID: 0}
  m_GameObject: {fileID: 3606165004952830815}
  m_LocalRotation: {x: 0.4351431, y: -0.22291587, z: 0.44893053, w: 0.7479441}
  m_LocalPosition: {x: 0.043555114, y: 0.09177938, z: 0.038500316}
  m_LocalScale: {x: 1, y: 1, z: 1}
  m_Children:
  - {fileID: 6194518764454128957}
  m_Father: {fileID: 8545415855678064157}
  m_RootOrder: 0
  m_LocalEulerAnglesHint: {x: 0, y: 0, z: 0}
--- !u!1 &3736565516068937350
GameObject:
  m_ObjectHideFlags: 0
  m_CorrespondingSourceObject: {fileID: 0}
  m_PrefabInstance: {fileID: 0}
  m_PrefabAsset: {fileID: 0}
  serializedVersion: 6
  m_Component:
  - component: {fileID: 8545415855678064157}
  m_Layer: 0
  m_Name: CH_Shou_R
  m_TagString: Untagged
  m_Icon: {fileID: 0}
  m_NavMeshLayer: 0
  m_StaticEditorFlags: 0
  m_IsActive: 1
--- !u!4 &8545415855678064157
Transform:
  m_ObjectHideFlags: 0
  m_CorrespondingSourceObject: {fileID: 0}
  m_PrefabInstance: {fileID: 0}
  m_PrefabAsset: {fileID: 0}
  m_GameObject: {fileID: 3736565516068937350}
  m_LocalRotation: {x: -0.25645125, y: 0.21456355, z: -0.50837934, w: 0.7935652}
  m_LocalPosition: {x: 0.07425889, y: 0.09514701, z: 0.02559056}
  m_LocalScale: {x: 1, y: 1, z: 1}
  m_Children:
  - {fileID: 1675106552294188841}
  m_Father: {fileID: 2498164872069640964}
  m_RootOrder: 2
  m_LocalEulerAnglesHint: {x: 0, y: 0, z: 0}
--- !u!1 &3997117206282809578
GameObject:
  m_ObjectHideFlags: 0
  m_CorrespondingSourceObject: {fileID: 0}
  m_PrefabInstance: {fileID: 0}
  m_PrefabAsset: {fileID: 0}
  serializedVersion: 6
  m_Component:
  - component: {fileID: 2019966977880195057}
  m_Layer: 0
  m_Name: CH_Thigh_L
  m_TagString: Untagged
  m_Icon: {fileID: 0}
  m_NavMeshLayer: 0
  m_StaticEditorFlags: 0
  m_IsActive: 1
--- !u!4 &2019966977880195057
Transform:
  m_ObjectHideFlags: 0
  m_CorrespondingSourceObject: {fileID: 0}
  m_PrefabInstance: {fileID: 0}
  m_PrefabAsset: {fileID: 0}
  m_GameObject: {fileID: 3997117206282809578}
  m_LocalRotation: {x: -0.63210726, y: 0.28591105, z: 0.33774436, w: 0.63610065}
  m_LocalPosition: {x: -0.12943664, y: -0.0070571136, z: -0.0007615277}
  m_LocalScale: {x: 1, y: 1, z: 1}
  m_Children:
  - {fileID: 2784198756140973944}
  m_Father: {fileID: 8251766268123434900}
  m_RootOrder: 1
  m_LocalEulerAnglesHint: {x: 0, y: 0, z: 0}
--- !u!1 &4340177110895721401
GameObject:
  m_ObjectHideFlags: 0
  m_CorrespondingSourceObject: {fileID: 0}
  m_PrefabInstance: {fileID: 0}
  m_PrefabAsset: {fileID: 0}
  serializedVersion: 6
  m_Component:
  - component: {fileID: 2044652718459818418}
  m_Layer: 0
  m_Name: CH_FingerR1_L
  m_TagString: Untagged
  m_Icon: {fileID: 0}
  m_NavMeshLayer: 0
  m_StaticEditorFlags: 0
  m_IsActive: 1
--- !u!4 &2044652718459818418
Transform:
  m_ObjectHideFlags: 0
  m_CorrespondingSourceObject: {fileID: 0}
  m_PrefabInstance: {fileID: 0}
  m_PrefabAsset: {fileID: 0}
  m_GameObject: {fileID: 4340177110895721401}
  m_LocalRotation: {x: 0.042586524, y: 0.01090733, z: 0.06491013, w: 0.9969223}
  m_LocalPosition: {x: -0.027245011, y: 0.013776673, z: 0.002335749}
  m_LocalScale: {x: 1, y: 1, z: 1}
  m_Children:
  - {fileID: 8847334376241428114}
  m_Father: {fileID: 523889738767176426}
  m_RootOrder: 0
  m_LocalEulerAnglesHint: {x: 0, y: 0, z: 0}
--- !u!1 &4363953152473830887
GameObject:
  m_ObjectHideFlags: 0
  m_CorrespondingSourceObject: {fileID: 0}
  m_PrefabInstance: {fileID: 0}
  m_PrefabAsset: {fileID: 0}
  serializedVersion: 6
  m_Component:
  - component: {fileID: 5015111519403371155}
  m_Layer: 0
  m_Name: CH_FingerTh2_R
  m_TagString: Untagged
  m_Icon: {fileID: 0}
  m_NavMeshLayer: 0
  m_StaticEditorFlags: 0
  m_IsActive: 1
--- !u!4 &5015111519403371155
Transform:
  m_ObjectHideFlags: 0
  m_CorrespondingSourceObject: {fileID: 0}
  m_PrefabInstance: {fileID: 0}
  m_PrefabAsset: {fileID: 0}
  m_GameObject: {fileID: 4363953152473830887}
  m_LocalRotation: {x: 0.46686137, y: 0.05684485, z: 0.27601647, w: 0.83822674}
  m_LocalPosition: {x: 0.027966604, y: 0.012959515, z: -0.00005065918}
  m_LocalScale: {x: 1, y: 1, z: 1}
  m_Children: []
  m_Father: {fileID: 5534163324823969806}
  m_RootOrder: 0
  m_LocalEulerAnglesHint: {x: 0, y: 0, z: 0}
--- !u!1 &4369086275086119082
GameObject:
  m_ObjectHideFlags: 0
  m_CorrespondingSourceObject: {fileID: 0}
  m_PrefabInstance: {fileID: 0}
  m_PrefabAsset: {fileID: 0}
  serializedVersion: 6
  m_Component:
  - component: {fileID: 4242608208390916355}
  m_Layer: 0
  m_Name: CH_FingerMid1_R
  m_TagString: Untagged
  m_Icon: {fileID: 0}
  m_NavMeshLayer: 0
  m_StaticEditorFlags: 0
  m_IsActive: 1
--- !u!4 &4242608208390916355
Transform:
  m_ObjectHideFlags: 0
  m_CorrespondingSourceObject: {fileID: 0}
  m_PrefabInstance: {fileID: 0}
  m_PrefabAsset: {fileID: 0}
  m_GameObject: {fileID: 4369086275086119082}
  m_LocalRotation: {x: 0.10346954, y: -0.035868842, z: -0.007291458, w: 0.99395895}
  m_LocalPosition: {x: 0.029112281, y: 0.012962475, z: 0.0053691887}
  m_LocalScale: {x: 1, y: 1, z: 1}
  m_Children:
  - {fileID: 5112812955151612672}
  m_Father: {fileID: 151568078569299144}
  m_RootOrder: 0
  m_LocalEulerAnglesHint: {x: 0, y: 0, z: 0}
--- !u!1 &4709463778499144405
GameObject:
  m_ObjectHideFlags: 0
  m_CorrespondingSourceObject: {fileID: 0}
  m_PrefabInstance: {fileID: 0}
  m_PrefabAsset: {fileID: 0}
  serializedVersion: 6
  m_Component:
  - component: {fileID: 4415480356284596368}
  m_Layer: 0
  m_Name: CH_FingerTh0_R
  m_TagString: Untagged
  m_Icon: {fileID: 0}
  m_NavMeshLayer: 0
  m_StaticEditorFlags: 0
  m_IsActive: 1
--- !u!4 &4415480356284596368
Transform:
  m_ObjectHideFlags: 0
  m_CorrespondingSourceObject: {fileID: 0}
  m_PrefabInstance: {fileID: 0}
  m_PrefabAsset: {fileID: 0}
  m_GameObject: {fileID: 4709463778499144405}
  m_LocalRotation: {x: 0.7271267, y: -0.53675693, z: -0.17006779, w: 0.39275402}
  m_LocalPosition: {x: 0.03479059, y: -0.011024464, z: 0.043743953}
  m_LocalScale: {x: 1, y: 1, z: 1}
  m_Children:
  - {fileID: 5534163324823969806}
  m_Father: {fileID: 8703272547163394367}
  m_RootOrder: 4
  m_LocalEulerAnglesHint: {x: 0, y: 0, z: 0}
--- !u!1 &4753246671370476083
GameObject:
  m_ObjectHideFlags: 0
  m_CorrespondingSourceObject: {fileID: 0}
  m_PrefabInstance: {fileID: 0}
  m_PrefabAsset: {fileID: 0}
  serializedVersion: 6
  m_Component:
  - component: {fileID: 7746469038295745507}
  m_Layer: 0
  m_Name: CH_FingerP0_R
  m_TagString: Untagged
  m_Icon: {fileID: 0}
  m_NavMeshLayer: 0
  m_StaticEditorFlags: 0
  m_IsActive: 1
--- !u!4 &7746469038295745507
Transform:
  m_ObjectHideFlags: 0
  m_CorrespondingSourceObject: {fileID: 0}
  m_PrefabInstance: {fileID: 0}
  m_PrefabAsset: {fileID: 0}
  m_GameObject: {fileID: 4753246671370476083}
  m_LocalRotation: {x: -0.031289026, y: 0.058778167, z: -0.44388855, w: 0.8936046}
  m_LocalPosition: {x: 0.09091958, y: 0.009752685, z: -0.035451405}
  m_LocalScale: {x: 1, y: 1, z: 1}
  m_Children:
  - {fileID: 8405505757371894212}
  m_Father: {fileID: 8703272547163394367}
  m_RootOrder: 2
  m_LocalEulerAnglesHint: {x: 0, y: 0, z: 0}
--- !u!1 &4771164254128993597
GameObject:
  m_ObjectHideFlags: 0
  m_CorrespondingSourceObject: {fileID: 0}
  m_PrefabInstance: {fileID: 0}
  m_PrefabAsset: {fileID: 0}
  serializedVersion: 6
  m_Component:
  - component: {fileID: 4325950376034933779}
  m_Layer: 0
  m_Name: CH_Shin_R
  m_TagString: Untagged
  m_Icon: {fileID: 0}
  m_NavMeshLayer: 0
  m_StaticEditorFlags: 0
  m_IsActive: 1
--- !u!4 &4325950376034933779
Transform:
  m_ObjectHideFlags: 0
  m_CorrespondingSourceObject: {fileID: 0}
  m_PrefabInstance: {fileID: 0}
  m_PrefabAsset: {fileID: 0}
  m_GameObject: {fileID: 4771164254128993597}
  m_LocalRotation: {x: -0.024073599, y: 0.7138417, z: -0.69760007, w: 0.05661034}
  m_LocalPosition: {x: 0.007871651, y: 0.010724351, z: -0.27528986}
  m_LocalScale: {x: 1, y: 1, z: 1}
  m_Children:
  - {fileID: 1372682563618737079}
  m_Father: {fileID: 3499008498824168200}
  m_RootOrder: 0
  m_LocalEulerAnglesHint: {x: 0, y: 0, z: 0}
--- !u!1 &4986489052072286733
GameObject:
  m_ObjectHideFlags: 0
  m_CorrespondingSourceObject: {fileID: 0}
  m_PrefabInstance: {fileID: 0}
  m_PrefabAsset: {fileID: 0}
  serializedVersion: 6
  m_Component:
  - component: {fileID: 3499008498824168200}
  m_Layer: 0
  m_Name: CH_Thigh_R
  m_TagString: Untagged
  m_Icon: {fileID: 0}
  m_NavMeshLayer: 0
  m_StaticEditorFlags: 0
  m_IsActive: 1
--- !u!4 &3499008498824168200
Transform:
  m_ObjectHideFlags: 0
  m_CorrespondingSourceObject: {fileID: 0}
  m_PrefabInstance: {fileID: 0}
  m_PrefabAsset: {fileID: 0}
  m_GameObject: {fileID: 4986489052072286733}
  m_LocalRotation: {x: -0.6321357, y: -0.28588578, z: -0.33774158, w: 0.6360852}
  m_LocalPosition: {x: 0.12927917, y: -0.0070571136, z: -0.0007615277}
  m_LocalScale: {x: 1, y: 1, z: 1}
  m_Children:
  - {fileID: 4325950376034933779}
  m_Father: {fileID: 8251766268123434900}
  m_RootOrder: 2
  m_LocalEulerAnglesHint: {x: 0, y: 0, z: 0}
--- !u!1 &4988642895045062539
GameObject:
  m_ObjectHideFlags: 0
  m_CorrespondingSourceObject: {fileID: 0}
  m_PrefabInstance: {fileID: 0}
  m_PrefabAsset: {fileID: 0}
  serializedVersion: 6
  m_Component:
  - component: {fileID: 3221371363799622920}
  m_Layer: 0
  m_Name: CH_Toe_R
  m_TagString: Untagged
  m_Icon: {fileID: 0}
  m_NavMeshLayer: 0
  m_StaticEditorFlags: 0
  m_IsActive: 1
--- !u!4 &3221371363799622920
Transform:
  m_ObjectHideFlags: 0
  m_CorrespondingSourceObject: {fileID: 0}
  m_PrefabInstance: {fileID: 0}
  m_PrefabAsset: {fileID: 0}
  m_GameObject: {fileID: 4988642895045062539}
  m_LocalRotation: {x: -0.36936364, y: 0.0006195211, z: -0.026223449, w: 0.92891467}
  m_LocalPosition: {x: 0.0018403952, y: 0.104848914, z: 0.000682621}
  m_LocalScale: {x: 1, y: 1, z: 1}
  m_Children: []
  m_Father: {fileID: 1372682563618737079}
  m_RootOrder: 0
  m_LocalEulerAnglesHint: {x: 0, y: 0, z: 0}
--- !u!1 &5198790616509613424
GameObject:
  m_ObjectHideFlags: 0
  m_CorrespondingSourceObject: {fileID: 0}
  m_PrefabInstance: {fileID: 0}
  m_PrefabAsset: {fileID: 0}
  serializedVersion: 6
  m_Component:
  - component: {fileID: 2933864095397283285}
  m_Layer: 0
  m_Name: CH_Toe_L
  m_TagString: Untagged
  m_Icon: {fileID: 0}
  m_NavMeshLayer: 0
  m_StaticEditorFlags: 0
  m_IsActive: 1
--- !u!4 &2933864095397283285
Transform:
  m_ObjectHideFlags: 0
  m_CorrespondingSourceObject: {fileID: 0}
  m_PrefabInstance: {fileID: 0}
  m_PrefabAsset: {fileID: 0}
  m_GameObject: {fileID: 5198790616509613424}
  m_LocalRotation: {x: -0.36936113, y: -0.00056484545, z: 0.026232157, w: 0.92891544}
  m_LocalPosition: {x: -0.0018393757, y: 0.104848936, z: 0.00068250654}
  m_LocalScale: {x: 1, y: 1, z: 1}
  m_Children: []
  m_Father: {fileID: 1408902093731830736}
  m_RootOrder: 0
  m_LocalEulerAnglesHint: {x: 0, y: 0, z: 0}
--- !u!1 &5425884359840902470
GameObject:
  m_ObjectHideFlags: 0
  m_CorrespondingSourceObject: {fileID: 0}
  m_PrefabInstance: {fileID: 0}
  m_PrefabAsset: {fileID: 0}
  serializedVersion: 6
  m_Component:
  - component: {fileID: 648915144650703886}
  m_Layer: 0
  m_Name: CH_FingerIn0_R
  m_TagString: Untagged
  m_Icon: {fileID: 0}
  m_NavMeshLayer: 0
  m_StaticEditorFlags: 0
  m_IsActive: 1
--- !u!4 &648915144650703886
Transform:
  m_ObjectHideFlags: 0
  m_CorrespondingSourceObject: {fileID: 0}
  m_PrefabInstance: {fileID: 0}
  m_PrefabAsset: {fileID: 0}
  m_GameObject: {fileID: 5425884359840902470}
  m_LocalRotation: {x: -0.07839327, y: 0.0031267921, z: -0.48933366, w: 0.8685605}
  m_LocalPosition: {x: 0.09609433, y: 0.005861721, z: 0.048841674}
  m_LocalScale: {x: 1, y: 1, z: 1}
  m_Children:
  - {fileID: 6857067671970555792}
  m_Father: {fileID: 8703272547163394367}
  m_RootOrder: 0
  m_LocalEulerAnglesHint: {x: 0, y: 0, z: 0}
--- !u!1 &5436156226432529841
GameObject:
  m_ObjectHideFlags: 0
  m_CorrespondingSourceObject: {fileID: 0}
  m_PrefabInstance: {fileID: 0}
  m_PrefabAsset: {fileID: 0}
  serializedVersion: 6
  m_Component:
  - component: {fileID: 1408902093731830736}
  m_Layer: 0
  m_Name: CH_Foot_L
  m_TagString: Untagged
  m_Icon: {fileID: 0}
  m_NavMeshLayer: 0
  m_StaticEditorFlags: 0
  m_IsActive: 1
--- !u!4 &1408902093731830736
Transform:
  m_ObjectHideFlags: 0
  m_CorrespondingSourceObject: {fileID: 0}
  m_PrefabInstance: {fileID: 0}
  m_PrefabAsset: {fileID: 0}
  m_GameObject: {fileID: 5436156226432529841}
  m_LocalRotation: {x: 0.15737307, y: 0.839772, z: 0.40066352, w: -0.33088595}
  m_LocalPosition: {x: -0.0013256229, y: 0.12928607, z: 0.0001242514}
  m_LocalScale: {x: 1, y: 1, z: 1}
  m_Children:
  - {fileID: 2933864095397283285}
  m_Father: {fileID: 2784198756140973944}
  m_RootOrder: 0
  m_LocalEulerAnglesHint: {x: 0, y: 0, z: 0}
--- !u!1 &5446082402762001410
GameObject:
  m_ObjectHideFlags: 0
  m_CorrespondingSourceObject: {fileID: 0}
  m_PrefabInstance: {fileID: 0}
  m_PrefabAsset: {fileID: 0}
  serializedVersion: 6
  m_Component:
  - component: {fileID: 8405505757371894212}
  m_Layer: 0
  m_Name: CH_FingerP1_R
  m_TagString: Untagged
  m_Icon: {fileID: 0}
  m_NavMeshLayer: 0
  m_StaticEditorFlags: 0
  m_IsActive: 1
--- !u!4 &8405505757371894212
Transform:
  m_ObjectHideFlags: 0
  m_CorrespondingSourceObject: {fileID: 0}
  m_PrefabInstance: {fileID: 0}
  m_PrefabAsset: {fileID: 0}
  m_GameObject: {fileID: 5446082402762001410}
  m_LocalRotation: {x: -0.045063738, y: 0.01925036, z: 0.032623515, w: 0.99826574}
  m_LocalPosition: {x: 0.021204187, y: 0.011904118, z: -0.0028838133}
  m_LocalScale: {x: 1, y: 1, z: 1}
  m_Children:
  - {fileID: 5894993905055900531}
  m_Father: {fileID: 7746469038295745507}
  m_RootOrder: 0
  m_LocalEulerAnglesHint: {x: 0, y: 0, z: 0}
--- !u!1 &5512276426637497582
GameObject:
  m_ObjectHideFlags: 0
  m_CorrespondingSourceObject: {fileID: 0}
  m_PrefabInstance: {fileID: 0}
  m_PrefabAsset: {fileID: 0}
  serializedVersion: 6
  m_Component:
  - component: {fileID: 2138474238584125050}
  m_Layer: 0
  m_Name: CH_FingerIn0_L
  m_TagString: Untagged
  m_Icon: {fileID: 0}
  m_NavMeshLayer: 0
  m_StaticEditorFlags: 0
  m_IsActive: 1
--- !u!4 &2138474238584125050
Transform:
  m_ObjectHideFlags: 0
  m_CorrespondingSourceObject: {fileID: 0}
  m_PrefabInstance: {fileID: 0}
  m_PrefabAsset: {fileID: 0}
  m_GameObject: {fileID: 5512276426637497582}
  m_LocalRotation: {x: -0.0783946, y: -0.003127361, z: 0.4893319, w: 0.8685613}
  m_LocalPosition: {x: -0.09609418, y: 0.005862404, z: 0.04884165}
  m_LocalScale: {x: 1, y: 1, z: 1}
  m_Children:
  - {fileID: 5395467482150543880}
  m_Father: {fileID: 2133589692882490616}
  m_RootOrder: 0
  m_LocalEulerAnglesHint: {x: 0, y: 0, z: 0}
--- !u!1 &5579798069588068862
GameObject:
  m_ObjectHideFlags: 0
  m_CorrespondingSourceObject: {fileID: 0}
  m_PrefabInstance: {fileID: 0}
  m_PrefabAsset: {fileID: 0}
  serializedVersion: 6
  m_Component:
  - component: {fileID: 8330382940275670204}
  m_Layer: 0
  m_Name: CH_FingerIn2_L
  m_TagString: Untagged
  m_Icon: {fileID: 0}
  m_NavMeshLayer: 0
  m_StaticEditorFlags: 0
  m_IsActive: 1
--- !u!4 &8330382940275670204
Transform:
  m_ObjectHideFlags: 0
  m_CorrespondingSourceObject: {fileID: 0}
  m_PrefabInstance: {fileID: 0}
  m_PrefabAsset: {fileID: 0}
  m_GameObject: {fileID: 5579798069588068862}
  m_LocalRotation: {x: -0.03749117, y: -0.026805757, z: -0.064412415, w: 0.99685854}
  m_LocalPosition: {x: -0.023179218, y: 0.0029440897, z: -0.001362668}
  m_LocalScale: {x: 1, y: 1, z: 1}
  m_Children: []
  m_Father: {fileID: 5395467482150543880}
  m_RootOrder: 0
  m_LocalEulerAnglesHint: {x: 0, y: 0, z: 0}
--- !u!1 &5695883125410887481
GameObject:
  m_ObjectHideFlags: 0
  m_CorrespondingSourceObject: {fileID: 0}
  m_PrefabInstance: {fileID: 0}
  m_PrefabAsset: {fileID: 0}
  serializedVersion: 6
  m_Component:
  - component: {fileID: 126837062864788835}
  m_Layer: 0
  m_Name: CH_FingerR1_R
  m_TagString: Untagged
  m_Icon: {fileID: 0}
  m_NavMeshLayer: 0
  m_StaticEditorFlags: 0
  m_IsActive: 1
--- !u!4 &126837062864788835
Transform:
  m_ObjectHideFlags: 0
  m_CorrespondingSourceObject: {fileID: 0}
  m_PrefabInstance: {fileID: 0}
  m_PrefabAsset: {fileID: 0}
  m_GameObject: {fileID: 5695883125410887481}
  m_LocalRotation: {x: 0.042588826, y: -0.010907573, z: -0.06491097, w: 0.9969222}
  m_LocalPosition: {x: 0.027245082, y: 0.013776686, z: 0.002335755}
  m_LocalScale: {x: 1, y: 1, z: 1}
  m_Children:
  - {fileID: 6478335971100145428}
  m_Father: {fileID: 903664389900055885}
  m_RootOrder: 0
  m_LocalEulerAnglesHint: {x: 0, y: 0, z: 0}
--- !u!1 &5890558200594415332
GameObject:
  m_ObjectHideFlags: 0
  m_CorrespondingSourceObject: {fileID: 0}
  m_PrefabInstance: {fileID: 0}
  m_PrefabAsset: {fileID: 0}
  serializedVersion: 6
  m_Component:
  - component: {fileID: 151568078569299144}
  m_Layer: 0
  m_Name: CH_FingerMid0_R
  m_TagString: Untagged
  m_Icon: {fileID: 0}
  m_NavMeshLayer: 0
  m_StaticEditorFlags: 0
  m_IsActive: 1
--- !u!4 &151568078569299144
Transform:
  m_ObjectHideFlags: 0
  m_CorrespondingSourceObject: {fileID: 0}
  m_PrefabInstance: {fileID: 0}
  m_PrefabAsset: {fileID: 0}
  m_GameObject: {fileID: 5890558200594415332}
  m_LocalRotation: {x: -0.065237775, y: 0.06772894, z: -0.4022641, w: 0.9106813}
  m_LocalPosition: {x: 0.10272823, y: 0.007438999, z: 0.023152243}
  m_LocalScale: {x: 1, y: 1, z: 1}
  m_Children:
  - {fileID: 4242608208390916355}
  m_Father: {fileID: 8703272547163394367}
  m_RootOrder: 1
  m_LocalEulerAnglesHint: {x: 0, y: 0, z: 0}
--- !u!1 &5952263129857724658
GameObject:
  m_ObjectHideFlags: 0
  m_CorrespondingSourceObject: {fileID: 0}
  m_PrefabInstance: {fileID: 0}
  m_PrefabAsset: {fileID: 0}
  serializedVersion: 6
  m_Component:
  - component: {fileID: 6495253013442982742}
  - component: {fileID: 2525565909170936698}
  m_Layer: 0
  m_Name: Girl
  m_TagString: Untagged
  m_Icon: {fileID: 0}
  m_NavMeshLayer: 0
  m_StaticEditorFlags: 0
  m_IsActive: 1
--- !u!4 &6495253013442982742
Transform:
  m_ObjectHideFlags: 0
  m_CorrespondingSourceObject: {fileID: 0}
  m_PrefabInstance: {fileID: 0}
  m_PrefabAsset: {fileID: 0}
  m_GameObject: {fileID: 5952263129857724658}
  m_LocalRotation: {x: 0, y: -0, z: -0, w: 1}
  m_LocalPosition: {x: -0, y: 0, z: 0}
  m_LocalScale: {x: 1, y: 1, z: 1}
  m_Children: []
  m_Father: {fileID: 2615732615640170977}
  m_RootOrder: 1
  m_LocalEulerAnglesHint: {x: 0, y: 0, z: 0}
--- !u!137 &2525565909170936698
SkinnedMeshRenderer:
  m_ObjectHideFlags: 0
  m_CorrespondingSourceObject: {fileID: 0}
  m_PrefabInstance: {fileID: 0}
  m_PrefabAsset: {fileID: 0}
  m_GameObject: {fileID: 5952263129857724658}
  m_Enabled: 1
  m_CastShadows: 1
  m_ReceiveShadows: 1
  m_DynamicOccludee: 1
  m_MotionVectors: 1
  m_LightProbeUsage: 1
  m_ReflectionProbeUsage: 1
  m_RayTracingMode: 0
  m_RayTraceProcedural: 0
  m_RenderingLayerMask: 1
  m_RendererPriority: 0
  m_Materials:
  - {fileID: 2100000, guid: 6eea7e79e4d474e478513ef06e858aae, type: 2}
  m_StaticBatchInfo:
    firstSubMesh: 0
    subMeshCount: 0
  m_StaticBatchRoot: {fileID: 0}
  m_ProbeAnchor: {fileID: 0}
  m_LightProbeVolumeOverride: {fileID: 0}
  m_ScaleInLightmap: 1
  m_ReceiveGI: 1
  m_PreserveUVs: 0
  m_IgnoreNormalsForChartDetection: 0
  m_ImportantGI: 0
  m_StitchLightmapSeams: 1
  m_SelectedEditorRenderState: 3
  m_MinimumChartSize: 4
  m_AutoUVMaxDistance: 0.5
  m_AutoUVMaxAngle: 89
  m_LightmapParameters: {fileID: 0}
  m_SortingLayerID: 0
  m_SortingLayer: 0
  m_SortingOrder: 0
  serializedVersion: 2
  m_Quality: 0
  m_UpdateWhenOffscreen: 0
  m_SkinnedMotionVectors: 1
  m_Mesh: {fileID: 569878368953546729, guid: 1b7b61f47a25486408a9ef0e3eafc9d2, type: 3}
  m_Bones:
  - {fileID: 8251766268123434900}
  - {fileID: 1985022543218298556}
  - {fileID: 5280378318555851421}
  - {fileID: 2498164872069640964}
  - {fileID: 4066292225145656384}
  - {fileID: 1505572135615143689}
  - {fileID: 8545415855678064157}
  - {fileID: 1675106552294188841}
  - {fileID: 6194518764454128957}
  - {fileID: 8703272547163394367}
  - {fileID: 4415480356284596368}
  - {fileID: 5534163324823969806}
  - {fileID: 5015111519403371155}
  - {fileID: 648915144650703886}
  - {fileID: 6857067671970555792}
  - {fileID: 5055103936150902587}
  - {fileID: 151568078569299144}
  - {fileID: 4242608208390916355}
  - {fileID: 5112812955151612672}
  - {fileID: 903664389900055885}
  - {fileID: 126837062864788835}
  - {fileID: 6478335971100145428}
  - {fileID: 7746469038295745507}
  - {fileID: 8405505757371894212}
  - {fileID: 5894993905055900531}
  - {fileID: 6655254805008105995}
  - {fileID: 115655615554169808}
  - {fileID: 8853313492988997385}
  - {fileID: 2133589692882490616}
  - {fileID: 2138474238584125050}
  - {fileID: 5395467482150543880}
  - {fileID: 8330382940275670204}
  - {fileID: 6045348287844924453}
  - {fileID: 8490915900410765491}
  - {fileID: 8116489260572528624}
  - {fileID: 523889738767176426}
  - {fileID: 2044652718459818418}
  - {fileID: 8847334376241428114}
  - {fileID: 2075404055565266507}
  - {fileID: 2350659137686706990}
  - {fileID: 7807748514229044941}
  - {fileID: 8995106299857860805}
  - {fileID: 8558145300165913782}
  - {fileID: 5054814295644472269}
  - {fileID: 3499008498824168200}
  - {fileID: 4325950376034933779}
  - {fileID: 1372682563618737079}
  - {fileID: 3221371363799622920}
  - {fileID: 2019966977880195057}
  - {fileID: 2784198756140973944}
  - {fileID: 1408902093731830736}
  - {fileID: 2933864095397283285}
  m_BlendShapeWeights: []
  m_RootBone: {fileID: 8251766268123434900}
  m_AABB:
    m_Center: {x: -0.00007882714, y: 0.2874077, z: -0.20335168}
    m_Extent: {x: 0.70105255, y: 0.84769386, z: 0.43710375}
  m_DirtyAABB: 0
--- !u!1 &6005996151512107811
GameObject:
  m_ObjectHideFlags: 0
  m_CorrespondingSourceObject: {fileID: 0}
  m_PrefabInstance: {fileID: 0}
  m_PrefabAsset: {fileID: 0}
  serializedVersion: 6
  m_Component:
  - component: {fileID: 523889738767176426}
  m_Layer: 0
  m_Name: CH_FingerR0_L
  m_TagString: Untagged
  m_Icon: {fileID: 0}
  m_NavMeshLayer: 0
  m_StaticEditorFlags: 0
  m_IsActive: 1
--- !u!4 &523889738767176426
Transform:
  m_ObjectHideFlags: 0
  m_CorrespondingSourceObject: {fileID: 0}
  m_PrefabInstance: {fileID: 0}
  m_PrefabAsset: {fileID: 0}
  m_GameObject: {fileID: 6005996151512107811}
  m_LocalRotation: {x: -0.06796579, y: -0.11267172, z: 0.39769533, w: 0.90803313}
  m_LocalPosition: {x: -0.09679019, y: 0.009700433, z: -0.007865028}
  m_LocalScale: {x: 1, y: 1, z: 1}
  m_Children:
  - {fileID: 2044652718459818418}
  m_Father: {fileID: 2133589692882490616}
  m_RootOrder: 3
  m_LocalEulerAnglesHint: {x: 0, y: 0, z: 0}
--- !u!1 &6040603212482014284
GameObject:
  m_ObjectHideFlags: 0
  m_CorrespondingSourceObject: {fileID: 0}
  m_PrefabInstance: {fileID: 0}
  m_PrefabAsset: {fileID: 0}
  serializedVersion: 6
  m_Component:
  - component: {fileID: 1985022543218298556}
  m_Layer: 0
  m_Name: CH_Spine
  m_TagString: Untagged
  m_Icon: {fileID: 0}
  m_NavMeshLayer: 0
  m_StaticEditorFlags: 0
  m_IsActive: 1
--- !u!4 &1985022543218298556
Transform:
  m_ObjectHideFlags: 0
  m_CorrespondingSourceObject: {fileID: 0}
  m_PrefabInstance: {fileID: 0}
  m_PrefabAsset: {fileID: 0}
  m_GameObject: {fileID: 6040603212482014284}
  m_LocalRotation: {x: 0.0049188486, y: 2.8561794e-11, z: -0.0000000033080456, w: 0.9999879}
  m_LocalPosition: {x: -6.3332095e-10, y: 0.116607815, z: 0.0010816195}
  m_LocalScale: {x: 1, y: 1, z: 1}
  m_Children:
  - {fileID: 5280378318555851421}
  m_Father: {fileID: 8251766268123434900}
  m_RootOrder: 0
  m_LocalEulerAnglesHint: {x: 0, y: 0, z: 0}
--- !u!1 &6135142876172303854
GameObject:
  m_ObjectHideFlags: 0
  m_CorrespondingSourceObject: {fileID: 0}
  m_PrefabInstance: {fileID: 0}
  m_PrefabAsset: {fileID: 0}
  serializedVersion: 6
  m_Component:
  - component: {fileID: 6857067671970555792}
  m_Layer: 0
  m_Name: CH_FingerIn1_R
  m_TagString: Untagged
  m_Icon: {fileID: 0}
  m_NavMeshLayer: 0
  m_StaticEditorFlags: 0
  m_IsActive: 1
--- !u!4 &6857067671970555792
Transform:
  m_ObjectHideFlags: 0
  m_CorrespondingSourceObject: {fileID: 0}
  m_PrefabInstance: {fileID: 0}
  m_PrefabAsset: {fileID: 0}
  m_GameObject: {fileID: 6135142876172303854}
  m_LocalRotation: {x: 0.23232661, y: -0.0630135, z: 0.10310913, w: 0.9651022}
  m_LocalPosition: {x: 0.025327878, y: 0.015580937, z: 0.005768317}
  m_LocalScale: {x: 1, y: 1, z: 1}
  m_Children:
  - {fileID: 5055103936150902587}
  m_Father: {fileID: 648915144650703886}
  m_RootOrder: 0
  m_LocalEulerAnglesHint: {x: 0, y: 0, z: 0}
--- !u!1 &6556455085458851515
GameObject:
  m_ObjectHideFlags: 0
  m_CorrespondingSourceObject: {fileID: 0}
  m_PrefabInstance: {fileID: 0}
  m_PrefabAsset: {fileID: 0}
  serializedVersion: 6
  m_Component:
  - component: {fileID: 115655615554169808}
  m_Layer: 0
  m_Name: CH_Uppe_L
  m_TagString: Untagged
  m_Icon: {fileID: 0}
  m_NavMeshLayer: 0
  m_StaticEditorFlags: 0
  m_IsActive: 1
--- !u!4 &115655615554169808
Transform:
  m_ObjectHideFlags: 0
  m_CorrespondingSourceObject: {fileID: 0}
  m_PrefabInstance: {fileID: 0}
  m_PrefabAsset: {fileID: 0}
  m_GameObject: {fileID: 6556455085458851515}
  m_LocalRotation: {x: 0.43511057, y: 0.22307931, z: -0.44849917, w: 0.74817306}
  m_LocalPosition: {x: -0.043655124, y: 0.091732025, z: 0.038499866}
  m_LocalScale: {x: 1, y: 1, z: 1}
  m_Children:
  - {fileID: 8853313492988997385}
  m_Father: {fileID: 6655254805008105995}
  m_RootOrder: 0
  m_LocalEulerAnglesHint: {x: 0, y: 0, z: 0}
--- !u!1 &6678333164898693310
GameObject:
  m_ObjectHideFlags: 0
  m_CorrespondingSourceObject: {fileID: 0}
  m_PrefabInstance: {fileID: 0}
  m_PrefabAsset: {fileID: 0}
  serializedVersion: 6
  m_Component:
  - component: {fileID: 6655254805008105995}
  m_Layer: 0
  m_Name: CH_Shou_L
  m_TagString: Untagged
  m_Icon: {fileID: 0}
  m_NavMeshLayer: 0
  m_StaticEditorFlags: 0
  m_IsActive: 1
--- !u!4 &6655254805008105995
Transform:
  m_ObjectHideFlags: 0
  m_CorrespondingSourceObject: {fileID: 0}
  m_PrefabInstance: {fileID: 0}
  m_PrefabAsset: {fileID: 0}
  m_GameObject: {fileID: 6678333164898693310}
  m_LocalRotation: {x: -0.25643075, y: -0.21463546, z: 0.50794435, w: 0.7938309}
  m_LocalPosition: {x: -0.07441637, y: 0.09514701, z: 0.02559056}
  m_LocalScale: {x: 1, y: 1, z: 1}
  m_Children:
  - {fileID: 115655615554169808}
  m_Father: {fileID: 2498164872069640964}
  m_RootOrder: 1
  m_LocalEulerAnglesHint: {x: 0, y: 0, z: 0}
--- !u!1 &7002913880979460310
GameObject:
  m_ObjectHideFlags: 0
  m_CorrespondingSourceObject: {fileID: 0}
  m_PrefabInstance: {fileID: 0}
  m_PrefabAsset: {fileID: 0}
  serializedVersion: 6
  m_Component:
  - component: {fileID: 2784198756140973944}
  m_Layer: 0
  m_Name: CH_Shin_L
  m_TagString: Untagged
  m_Icon: {fileID: 0}
  m_NavMeshLayer: 0
  m_StaticEditorFlags: 0
  m_IsActive: 1
--- !u!4 &2784198756140973944
Transform:
  m_ObjectHideFlags: 0
  m_CorrespondingSourceObject: {fileID: 0}
  m_PrefabInstance: {fileID: 0}
  m_PrefabAsset: {fileID: 0}
  m_GameObject: {fileID: 7002913880979460310}
  m_LocalRotation: {x: 0.024148462, y: 0.7138107, z: -0.69762295, w: -0.05668623}
  m_LocalPosition: {x: -0.0078712655, y: 0.010705319, z: -0.2752905}
  m_LocalScale: {x: 1, y: 1, z: 1}
  m_Children:
  - {fileID: 1408902093731830736}
  m_Father: {fileID: 2019966977880195057}
  m_RootOrder: 0
  m_LocalEulerAnglesHint: {x: 0, y: 0, z: 0}
--- !u!1 &7056802289577685805
GameObject:
  m_ObjectHideFlags: 0
  m_CorrespondingSourceObject: {fileID: 0}
  m_PrefabInstance: {fileID: 0}
  m_PrefabAsset: {fileID: 0}
  serializedVersion: 6
  m_Component:
  - component: {fileID: 1505572135615143689}
  m_Layer: 0
  m_Name: CH_Head
  m_TagString: Untagged
  m_Icon: {fileID: 0}
  m_NavMeshLayer: 0
  m_StaticEditorFlags: 0
  m_IsActive: 1
--- !u!4 &1505572135615143689
Transform:
  m_ObjectHideFlags: 0
  m_CorrespondingSourceObject: {fileID: 0}
  m_PrefabInstance: {fileID: 0}
  m_PrefabAsset: {fileID: 0}
  m_GameObject: {fileID: 7056802289577685805}
  m_LocalRotation: {x: -0.072197944, y: -1.13473994e-10, z: 2.7401365e-10, w: 0.99739033}
  m_LocalPosition: {x: -3.5418024e-10, y: 0.06819116, z: -0.0046033566}
  m_LocalScale: {x: 1, y: 1, z: 1}
  m_Children: []
  m_Father: {fileID: 4066292225145656384}
  m_RootOrder: 0
  m_LocalEulerAnglesHint: {x: 0, y: 0, z: 0}
--- !u!1 &7066638959799613883
GameObject:
  m_ObjectHideFlags: 0
  m_CorrespondingSourceObject: {fileID: 0}
  m_PrefabInstance: {fileID: 0}
  m_PrefabAsset: {fileID: 0}
  serializedVersion: 6
  m_Component:
  - component: {fileID: 8703272547163394367}
  m_Layer: 0
  m_Name: CH_Hand_R
  m_TagString: Untagged
  m_Icon: {fileID: 0}
  m_NavMeshLayer: 0
  m_StaticEditorFlags: 0
  m_IsActive: 1
--- !u!4 &8703272547163394367
Transform:
  m_ObjectHideFlags: 0
  m_CorrespondingSourceObject: {fileID: 0}
  m_PrefabInstance: {fileID: 0}
  m_PrefabAsset: {fileID: 0}
  m_GameObject: {fileID: 7066638959799613883}
  m_LocalRotation: {x: -0.011421105, y: 0.0060486807, z: 0.035612628, w: 0.9992821}
  m_LocalPosition: {x: 0.1090754, y: 0.007742832, z: -0.005229192}
  m_LocalScale: {x: 1, y: 1, z: 1}
  m_Children:
  - {fileID: 648915144650703886}
  - {fileID: 151568078569299144}
  - {fileID: 7746469038295745507}
  - {fileID: 903664389900055885}
  - {fileID: 4415480356284596368}
  m_Father: {fileID: 6194518764454128957}
  m_RootOrder: 0
  m_LocalEulerAnglesHint: {x: 0, y: 0, z: 0}
--- !u!1 &7511578105142020650
GameObject:
  m_ObjectHideFlags: 0
  m_CorrespondingSourceObject: {fileID: 0}
  m_PrefabInstance: {fileID: 0}
  m_PrefabAsset: {fileID: 0}
  serializedVersion: 6
  m_Component:
  - component: {fileID: 8558145300165913782}
  m_Layer: 0
  m_Name: CH_FingerTh1_L
  m_TagString: Untagged
  m_Icon: {fileID: 0}
  m_NavMeshLayer: 0
  m_StaticEditorFlags: 0
  m_IsActive: 1
--- !u!4 &8558145300165913782
Transform:
  m_ObjectHideFlags: 0
  m_CorrespondingSourceObject: {fileID: 0}
  m_PrefabInstance: {fileID: 0}
  m_PrefabAsset: {fileID: 0}
  m_GameObject: {fileID: 7511578105142020650}
  m_LocalRotation: {x: -0.4903982, y: -0.27323654, z: 0.27208337, w: 0.78155106}
  m_LocalPosition: {x: -0.03907294, y: 0.003926034, z: -0.022758035}
  m_LocalScale: {x: 1, y: 1, z: 1}
  m_Children:
  - {fileID: 5054814295644472269}
  m_Father: {fileID: 8995106299857860805}
  m_RootOrder: 0
  m_LocalEulerAnglesHint: {x: 0, y: 0, z: 0}
--- !u!1 &7776418669885571232
GameObject:
  m_ObjectHideFlags: 0
  m_CorrespondingSourceObject: {fileID: 0}
  m_PrefabInstance: {fileID: 0}
  m_PrefabAsset: {fileID: 0}
  serializedVersion: 6
  m_Component:
  - component: {fileID: 6194518764454128957}
  m_Layer: 0
  m_Name: CH_For_R
  m_TagString: Untagged
  m_Icon: {fileID: 0}
  m_NavMeshLayer: 0
  m_StaticEditorFlags: 0
  m_IsActive: 1
--- !u!4 &6194518764454128957
Transform:
  m_ObjectHideFlags: 0
  m_CorrespondingSourceObject: {fileID: 0}
  m_PrefabInstance: {fileID: 0}
  m_PrefabAsset: {fileID: 0}
  m_GameObject: {fileID: 7776418669885571232}
  m_LocalRotation: {x: -0.12048951, y: 0.09351576, z: 0.015898084, w: 0.98817223}
  m_LocalPosition: {x: 0.22958833, y: 0.019693084, z: -0.06614092}
  m_LocalScale: {x: 1, y: 1, z: 1}
  m_Children:
  - {fileID: 8703272547163394367}
  m_Father: {fileID: 1675106552294188841}
  m_RootOrder: 0
  m_LocalEulerAnglesHint: {x: 0, y: 0, z: 0}
--- !u!1 &7817515310412138240
GameObject:
  m_ObjectHideFlags: 0
  m_CorrespondingSourceObject: {fileID: 0}
  m_PrefabInstance: {fileID: 0}
  m_PrefabAsset: {fileID: 0}
  serializedVersion: 6
  m_Component:
  - component: {fileID: 5280378318555851421}
  m_Layer: 0
  m_Name: CH_Chest
  m_TagString: Untagged
  m_Icon: {fileID: 0}
  m_NavMeshLayer: 0
  m_StaticEditorFlags: 0
  m_IsActive: 1
--- !u!4 &5280378318555851421
Transform:
  m_ObjectHideFlags: 0
  m_CorrespondingSourceObject: {fileID: 0}
  m_PrefabInstance: {fileID: 0}
  m_PrefabAsset: {fileID: 0}
  m_GameObject: {fileID: 7817515310412138240}
  m_LocalRotation: {x: -0.02144248, y: -6.272282e-11, z: 9.667838e-10, w: 0.9997701}
  m_LocalPosition: {x: -5.9806643e-10, y: 0.11009891, z: 0.0010215874}
  m_LocalScale: {x: 1, y: 1, z: 1}
  m_Children:
  - {fileID: 2498164872069640964}
  m_Father: {fileID: 1985022543218298556}
  m_RootOrder: 0
  m_LocalEulerAnglesHint: {x: 0, y: 0, z: 0}
--- !u!1 &7954459162141322131
GameObject:
  m_ObjectHideFlags: 0
  m_CorrespondingSourceObject: {fileID: 0}
  m_PrefabInstance: {fileID: 0}
  m_PrefabAsset: {fileID: 0}
  serializedVersion: 6
  m_Component:
  - component: {fileID: 2133589692882490616}
  m_Layer: 0
  m_Name: CH_Hand_L
  m_TagString: Untagged
  m_Icon: {fileID: 0}
  m_NavMeshLayer: 0
  m_StaticEditorFlags: 0
  m_IsActive: 1
--- !u!4 &2133589692882490616
Transform:
  m_ObjectHideFlags: 0
  m_CorrespondingSourceObject: {fileID: 0}
  m_PrefabInstance: {fileID: 0}
  m_PrefabAsset: {fileID: 0}
  m_GameObject: {fileID: 7954459162141322131}
  m_LocalRotation: {x: -0.011421054, y: -0.006048537, z: -0.035610855, w: 0.9992822}
  m_LocalPosition: {x: -0.10907532, y: 0.0077428226, z: -0.005229189}
  m_LocalScale: {x: 1, y: 1, z: 1}
  m_Children:
  - {fileID: 2138474238584125050}
  - {fileID: 6045348287844924453}
  - {fileID: 2075404055565266507}
  - {fileID: 523889738767176426}
  - {fileID: 8995106299857860805}
  m_Father: {fileID: 8853313492988997385}
  m_RootOrder: 0
  m_LocalEulerAnglesHint: {x: 0, y: 0, z: 0}
--- !u!1 &7959177157536115567
GameObject:
  m_ObjectHideFlags: 0
  m_CorrespondingSourceObject: {fileID: 0}
  m_PrefabInstance: {fileID: 0}
  m_PrefabAsset: {fileID: 0}
  serializedVersion: 6
  m_Component:
  - component: {fileID: 5112812955151612672}
  m_Layer: 0
  m_Name: CH_FingerMid2_R
  m_TagString: Untagged
  m_Icon: {fileID: 0}
  m_NavMeshLayer: 0
  m_StaticEditorFlags: 0
  m_IsActive: 1
--- !u!4 &5112812955151612672
Transform:
  m_ObjectHideFlags: 0
  m_CorrespondingSourceObject: {fileID: 0}
  m_PrefabInstance: {fileID: 0}
  m_PrefabAsset: {fileID: 0}
  m_GameObject: {fileID: 7959177157536115567}
  m_LocalRotation: {x: 0.018524304, y: -0.0001932911, z: 0.10797985, w: 0.99398047}
  m_LocalPosition: {x: 0.030745741, y: 0.0072586583, z: 0.000049054324}
  m_LocalScale: {x: 1, y: 1, z: 1}
  m_Children: []
  m_Father: {fileID: 4242608208390916355}
  m_RootOrder: 0
  m_LocalEulerAnglesHint: {x: 0, y: 0, z: 0}
--- !u!1 &8209472943441969909
GameObject:
  m_ObjectHideFlags: 0
  m_CorrespondingSourceObject: {fileID: 0}
  m_PrefabInstance: {fileID: 0}
  m_PrefabAsset: {fileID: 0}
  serializedVersion: 6
  m_Component:
  - component: {fileID: 7807748514229044941}
  m_Layer: 0
  m_Name: CH_FingerP2_L
  m_TagString: Untagged
  m_Icon: {fileID: 0}
  m_NavMeshLayer: 0
  m_StaticEditorFlags: 0
  m_IsActive: 1
--- !u!4 &7807748514229044941
Transform:
  m_ObjectHideFlags: 0
  m_CorrespondingSourceObject: {fileID: 0}
  m_PrefabInstance: {fileID: 0}
  m_PrefabAsset: {fileID: 0}
  m_GameObject: {fileID: 8209472943441969909}
  m_LocalRotation: {x: -0.010827438, y: -0.0045693773, z: -0.10845799, w: 0.99403155}
  m_LocalPosition: {x: -0.021480909, y: 0.005130183, z: -0.00057968945}
  m_LocalScale: {x: 1, y: 1, z: 1}
  m_Children: []
  m_Father: {fileID: 2350659137686706990}
  m_RootOrder: 0
  m_LocalEulerAnglesHint: {x: 0, y: 0, z: 0}
--- !u!1 &8314216861532895263
GameObject:
  m_ObjectHideFlags: 0
  m_CorrespondingSourceObject: {fileID: 0}
  m_PrefabInstance: {fileID: 0}
  m_PrefabAsset: {fileID: 0}
  serializedVersion: 6
  m_Component:
  - component: {fileID: 5054814295644472269}
  m_Layer: 0
  m_Name: CH_FingerTh2_L
  m_TagString: Untagged
  m_Icon: {fileID: 0}
  m_NavMeshLayer: 0
  m_StaticEditorFlags: 0
  m_IsActive: 1
--- !u!4 &5054814295644472269
Transform:
  m_ObjectHideFlags: 0
  m_CorrespondingSourceObject: {fileID: 0}
  m_PrefabInstance: {fileID: 0}
  m_PrefabAsset: {fileID: 0}
  m_GameObject: {fileID: 8314216861532895263}
  m_LocalRotation: {x: 0.46685874, y: -0.05684555, z: -0.2760146, w: 0.83822876}
  m_LocalPosition: {x: -0.027966626, y: 0.01295951, z: -0.00005068421}
  m_LocalScale: {x: 1, y: 1, z: 1}
  m_Children: []
  m_Father: {fileID: 8558145300165913782}
  m_RootOrder: 0
  m_LocalEulerAnglesHint: {x: 0, y: 0, z: 0}
--- !u!1 &8361612655981530077
GameObject:
  m_ObjectHideFlags: 0
  m_CorrespondingSourceObject: {fileID: 0}
  m_PrefabInstance: {fileID: 0}
  m_PrefabAsset: {fileID: 0}
  serializedVersion: 6
  m_Component:
  - component: {fileID: 5055103936150902587}
  m_Layer: 0
  m_Name: CH_FingerIn2_R
  m_TagString: Untagged
  m_Icon: {fileID: 0}
  m_NavMeshLayer: 0
  m_StaticEditorFlags: 0
  m_IsActive: 1
--- !u!4 &5055103936150902587
Transform:
  m_ObjectHideFlags: 0
  m_CorrespondingSourceObject: {fileID: 0}
  m_PrefabInstance: {fileID: 0}
  m_PrefabAsset: {fileID: 0}
  m_GameObject: {fileID: 8361612655981530077}
  m_LocalRotation: {x: -0.03748875, y: 0.02680477, z: 0.06441371, w: 0.99685854}
  m_LocalPosition: {x: 0.023179263, y: 0.002944073, z: -0.0013626348}
  m_LocalScale: {x: 1, y: 1, z: 1}
  m_Children: []
  m_Father: {fileID: 6857067671970555792}
  m_RootOrder: 0
  m_LocalEulerAnglesHint: {x: 0, y: 0, z: 0}
--- !u!1 &8413231218187971820
GameObject:
  m_ObjectHideFlags: 0
  m_CorrespondingSourceObject: {fileID: 0}
  m_PrefabInstance: {fileID: 0}
  m_PrefabAsset: {fileID: 0}
  serializedVersion: 6
  m_Component:
  - component: {fileID: 8995106299857860805}
  m_Layer: 0
  m_Name: CH_FingerTh0_L
  m_TagString: Untagged
  m_Icon: {fileID: 0}
  m_NavMeshLayer: 0
  m_StaticEditorFlags: 0
  m_IsActive: 1
--- !u!4 &8995106299857860805
Transform:
  m_ObjectHideFlags: 0
  m_CorrespondingSourceObject: {fileID: 0}
  m_PrefabInstance: {fileID: 0}
  m_PrefabAsset: {fileID: 0}
  m_GameObject: {fileID: 8413231218187971820}
  m_LocalRotation: {x: 0.72712845, y: 0.53675467, z: 0.17006609, w: 0.3927547}
  m_LocalPosition: {x: -0.03479066, y: -0.011024349, z: 0.043743927}
  m_LocalScale: {x: 1, y: 1, z: 1}
  m_Children:
  - {fileID: 8558145300165913782}
  m_Father: {fileID: 2133589692882490616}
  m_RootOrder: 4
  m_LocalEulerAnglesHint: {x: 0, y: 0, z: 0}
--- !u!1 &8832533470725010359
GameObject:
  m_ObjectHideFlags: 0
  m_CorrespondingSourceObject: {fileID: 0}
  m_PrefabInstance: {fileID: 0}
  m_PrefabAsset: {fileID: 0}
  serializedVersion: 6
  m_Component:
  - component: {fileID: 2350659137686706990}
  m_Layer: 0
  m_Name: CH_FingerP1_L
  m_TagString: Untagged
  m_Icon: {fileID: 0}
  m_NavMeshLayer: 0
  m_StaticEditorFlags: 0
  m_IsActive: 1
--- !u!4 &2350659137686706990
Transform:
  m_ObjectHideFlags: 0
  m_CorrespondingSourceObject: {fileID: 0}
  m_PrefabInstance: {fileID: 0}
  m_PrefabAsset: {fileID: 0}
  m_GameObject: {fileID: 8832533470725010359}
  m_LocalRotation: {x: -0.045065075, y: -0.019250916, z: -0.03262711, w: 0.99826556}
  m_LocalPosition: {x: -0.021204233, y: 0.011904164, z: -0.0028838336}
  m_LocalScale: {x: 1, y: 1, z: 1}
  m_Children:
  - {fileID: 7807748514229044941}
  m_Father: {fileID: 2075404055565266507}
  m_RootOrder: 0
  m_LocalEulerAnglesHint: {x: 0, y: 0, z: 0}
--- !u!1 &8969562087421498750
GameObject:
  m_ObjectHideFlags: 0
  m_CorrespondingSourceObject: {fileID: 0}
  m_PrefabInstance: {fileID: 0}
  m_PrefabAsset: {fileID: 0}
  serializedVersion: 6
  m_Component:
  - component: {fileID: 2498164872069640964}
  m_Layer: 0
  m_Name: CH_UpperChest
  m_TagString: Untagged
  m_Icon: {fileID: 0}
  m_NavMeshLayer: 0
  m_StaticEditorFlags: 0
  m_IsActive: 1
--- !u!4 &2498164872069640964
Transform:
  m_ObjectHideFlags: 0
  m_CorrespondingSourceObject: {fileID: 0}
  m_PrefabInstance: {fileID: 0}
  m_PrefabAsset: {fileID: 0}
  m_GameObject: {fileID: 8969562087421498750}
  m_LocalRotation: {x: 0.016524503, y: -3.2150924e-11, z: 0.0000000023401128, w: 0.9998635}
  m_LocalPosition: {x: 1.3167623e-10, y: 0.11113519, z: 0.002124494}
  m_LocalScale: {x: 1, y: 1, z: 1}
  m_Children:
  - {fileID: 4066292225145656384}
  - {fileID: 6655254805008105995}
  - {fileID: 8545415855678064157}
  m_Father: {fileID: 5280378318555851421}
  m_RootOrder: 0
  m_LocalEulerAnglesHint: {x: 0, y: 0, z: 0}
