%YAML 1.1
%TAG !u! tag:unity3d.com,2011:
--- !u!1 &879958343462709717
GameObject:
  m_ObjectHideFlags: 0
  m_CorrespondingSourceObject: {fileID: 0}
  m_PrefabInstance: {fileID: 0}
  m_PrefabAsset: {fileID: 0}
  serializedVersion: 6
  m_Component:
  - component: {fileID: 6271909795538694548}
  m_Layer: 0
  m_Name: Armchair
  m_TagString: Untagged
  m_Icon: {fileID: 0}
  m_NavMeshLayer: 0
  m_StaticEditorFlags: 4294967295
  m_IsActive: 1
--- !u!4 &6271909795538694548
Transform:
  m_ObjectHideFlags: 0
  m_CorrespondingSourceObject: {fileID: 0}
  m_PrefabInstance: {fileID: 0}
  m_PrefabAsset: {fileID: 0}
  m_GameObject: {fileID: 879958343462709717}
  m_LocalRotation: {x: -0, y: 0.79730874, z: -0, w: 0.60357165}
  m_LocalPosition: {x: -0.92, y: 14.014132, z: -33.48}
  m_LocalScale: {x: 2, y: 2, z: 2}
  m_Children:
  - {fileID: 469586715217584948}
  m_Father: {fileID: 5472326383386970205}
  m_RootOrder: 0
  m_LocalEulerAnglesHint: {x: 0, y: 105.748, z: 0}
--- !u!1 &2233817363355971066
GameObject:
  m_ObjectHideFlags: 0
  m_CorrespondingSourceObject: {fileID: 0}
  m_PrefabInstance: {fileID: 0}
  m_PrefabAsset: {fileID: 0}
  serializedVersion: 6
  m_Component:
  - component: {fileID: 469586715217584948}
  - component: {fileID: 4052925955093109038}
  - component: {fileID: 7646187478107335092}
  - component: {fileID: 5279362651837882419}
  m_Layer: 0
  m_Name: Armchair Mesh
  m_TagString: Untagged
  m_Icon: {fileID: 0}
  m_NavMeshLayer: 0
  m_StaticEditorFlags: 4294967295
  m_IsActive: 1
--- !u!4 &469586715217584948
Transform:
  m_ObjectHideFlags: 0
  m_CorrespondingSourceObject: {fileID: 0}
  m_PrefabInstance: {fileID: 0}
  m_PrefabAsset: {fileID: 0}
  m_GameObject: {fileID: 2233817363355971066}
  m_LocalRotation: {x: -0, y: -0.1357918, z: -0, w: 0.9907374}
  m_LocalPosition: {x: 0.45, y: 0, z: 0.13}
  m_LocalScale: {x: 1, y: 1, z: 1}
  m_Children: []
  m_Father: {fileID: 6271909795538694548}
  m_RootOrder: 0
  m_LocalEulerAnglesHint: {x: 0, y: -15.609, z: 0}
--- !u!33 &4052925955093109038
MeshFilter:
  m_ObjectHideFlags: 0
  m_CorrespondingSourceObject: {fileID: 0}
  m_PrefabInstance: {fileID: 0}
  m_PrefabAsset: {fileID: 0}
  m_GameObject: {fileID: 2233817363355971066}
  m_Mesh: {fileID: 4300000, guid: 14999a6ec1f3a1a48bc94671b07d91f3, type: 3}
--- !u!23 &7646187478107335092
MeshRenderer:
  m_ObjectHideFlags: 0
  m_CorrespondingSourceObject: {fileID: 0}
  m_PrefabInstance: {fileID: 0}
  m_PrefabAsset: {fileID: 0}
  m_GameObject: {fileID: 2233817363355971066}
  m_Enabled: 1
  m_CastShadows: 1
  m_ReceiveShadows: 1
  m_DynamicOccludee: 1
  m_MotionVectors: 1
  m_LightProbeUsage: 1
  m_ReflectionProbeUsage: 1
  m_RayTracingMode: 2
  m_RayTraceProcedural: 0
  m_RenderingLayerMask: 1
  m_RendererPriority: 0
  m_Materials:
  - {fileID: 2100000, guid: e2bd4fff034b00a43a5cad89702cb7ee, type: 2}
  m_StaticBatchInfo:
    firstSubMesh: 0
    subMeshCount: 0
  m_StaticBatchRoot: {fileID: 0}
  m_ProbeAnchor: {fileID: 0}
  m_LightProbeVolumeOverride: {fileID: 0}
  m_ScaleInLightmap: 1
  m_ReceiveGI: 1
  m_PreserveUVs: 0
  m_IgnoreNormalsForChartDetection: 0
  m_ImportantGI: 0
  m_StitchLightmapSeams: 1
  m_SelectedEditorRenderState: 3
  m_MinimumChartSize: 4
  m_AutoUVMaxDistance: 0.5
  m_AutoUVMaxAngle: 89
  m_LightmapParameters: {fileID: 0}
  m_SortingLayerID: 0
  m_SortingLayer: 0
  m_SortingOrder: 0
  m_AdditionalVertexStreams: {fileID: 0}
--- !u!64 &5279362651837882419
MeshCollider:
  m_ObjectHideFlags: 0
  m_CorrespondingSourceObject: {fileID: 0}
  m_PrefabInstance: {fileID: 0}
  m_PrefabAsset: {fileID: 0}
  m_GameObject: {fileID: 2233817363355971066}
  m_Material: {fileID: 0}
  m_IsTrigger: 0
  m_Enabled: 1
  serializedVersion: 4
  m_Convex: 0
  m_CookingOptions: 30
  m_Mesh: {fileID: 4300000, guid: 0b593c99d925e2c4689d1dcb331028a3, type: 3}
--- !u!1 &3456329138599507748
GameObject:
  m_ObjectHideFlags: 0
  m_CorrespondingSourceObject: {fileID: 0}
  m_PrefabInstance: {fileID: 0}
  m_PrefabAsset: {fileID: 0}
  serializedVersion: 6
  m_Component:
  - component: {fileID: 8339662181795875647}
  - component: {fileID: 3538115899801882554}
  - component: {fileID: 6161603199738489546}
  - component: {fileID: 1294884070220128297}
  m_Layer: 0
  m_Name: Armchair Mesh
  m_TagString: Untagged
  m_Icon: {fileID: 0}
  m_NavMeshLayer: 0
  m_StaticEditorFlags: 4294967295
  m_IsActive: 1
--- !u!4 &8339662181795875647
Transform:
  m_ObjectHideFlags: 0
  m_CorrespondingSourceObject: {fileID: 0}
  m_PrefabInstance: {fileID: 0}
  m_PrefabAsset: {fileID: 0}
  m_GameObject: {fileID: 3456329138599507748}
  m_LocalRotation: {x: 0.0022233615, y: -0.15840788, z: 0.000031102685, w: 0.98737127}
  m_LocalPosition: {x: 0.62, y: 0, z: -0.38}
  m_LocalScale: {x: 1, y: 1, z: 1}
  m_Children: []
  m_Father: {fileID: 3488272700060017578}
  m_RootOrder: 0
  m_LocalEulerAnglesHint: {x: 0.252, y: -18.229, z: -0.037}
--- !u!33 &3538115899801882554
MeshFilter:
  m_ObjectHideFlags: 0
  m_CorrespondingSourceObject: {fileID: 0}
  m_PrefabInstance: {fileID: 0}
  m_PrefabAsset: {fileID: 0}
  m_GameObject: {fileID: 3456329138599507748}
  m_Mesh: {fileID: 4300000, guid: 14999a6ec1f3a1a48bc94671b07d91f3, type: 3}
--- !u!23 &6161603199738489546
MeshRenderer:
  m_ObjectHideFlags: 0
  m_CorrespondingSourceObject: {fileID: 0}
  m_PrefabInstance: {fileID: 0}
  m_PrefabAsset: {fileID: 0}
  m_GameObject: {fileID: 3456329138599507748}
  m_Enabled: 1
  m_CastShadows: 1
  m_ReceiveShadows: 1
  m_DynamicOccludee: 1
  m_MotionVectors: 1
  m_LightProbeUsage: 1
  m_ReflectionProbeUsage: 1
  m_RayTracingMode: 2
  m_RayTraceProcedural: 0
  m_RenderingLayerMask: 1
  m_RendererPriority: 0
  m_Materials:
  - {fileID: 2100000, guid: e2bd4fff034b00a43a5cad89702cb7ee, type: 2}
  m_StaticBatchInfo:
    firstSubMesh: 0
    subMeshCount: 0
  m_StaticBatchRoot: {fileID: 0}
  m_ProbeAnchor: {fileID: 0}
  m_LightProbeVolumeOverride: {fileID: 0}
  m_ScaleInLightmap: 1
  m_ReceiveGI: 1
  m_PreserveUVs: 0
  m_IgnoreNormalsForChartDetection: 0
  m_ImportantGI: 0
  m_StitchLightmapSeams: 1
  m_SelectedEditorRenderState: 3
  m_MinimumChartSize: 4
  m_AutoUVMaxDistance: 0.5
  m_AutoUVMaxAngle: 89
  m_LightmapParameters: {fileID: 0}
  m_SortingLayerID: 0
  m_SortingLayer: 0
  m_SortingOrder: 0
  m_AdditionalVertexStreams: {fileID: 0}
--- !u!64 &1294884070220128297
MeshCollider:
  m_ObjectHideFlags: 0
  m_CorrespondingSourceObject: {fileID: 0}
  m_PrefabInstance: {fileID: 0}
  m_PrefabAsset: {fileID: 0}
  m_GameObject: {fileID: 3456329138599507748}
  m_Material: {fileID: 0}
  m_IsTrigger: 0
  m_Enabled: 1
  serializedVersion: 4
  m_Convex: 0
  m_CookingOptions: 30
  m_Mesh: {fileID: 4300000, guid: 0b593c99d925e2c4689d1dcb331028a3, type: 3}
--- !u!1 &3836387820450886752
GameObject:
  m_ObjectHideFlags: 0
  m_CorrespondingSourceObject: {fileID: 0}
  m_PrefabInstance: {fileID: 0}
  m_PrefabAsset: {fileID: 0}
  serializedVersion: 6
  m_Component:
  - component: {fileID: 4054126232442024581}
  - component: {fileID: 9087004796192264736}
  - component: {fileID: 3755851851111932871}
  - component: {fileID: 6091450128659282877}
  m_Layer: 0
  m_Name: Armchair Mesh
  m_TagString: Untagged
  m_Icon: {fileID: 0}
  m_NavMeshLayer: 0
  m_StaticEditorFlags: 4294967295
  m_IsActive: 1
--- !u!4 &4054126232442024581
Transform:
  m_ObjectHideFlags: 0
  m_CorrespondingSourceObject: {fileID: 0}
  m_PrefabInstance: {fileID: 0}
  m_PrefabAsset: {fileID: 0}
  m_GameObject: {fileID: 3836387820450886752}
  m_LocalRotation: {x: 0, y: -0, z: -0, w: 1}
  m_LocalPosition: {x: -0, y: 0, z: 0}
  m_LocalScale: {x: 1, y: 1, z: 1}
  m_Children: []
  m_Father: {fileID: 6583460051683005274}
  m_RootOrder: 0
  m_LocalEulerAnglesHint: {x: 0, y: 0, z: 0}
--- !u!33 &9087004796192264736
MeshFilter:
  m_ObjectHideFlags: 0
  m_CorrespondingSourceObject: {fileID: 0}
  m_PrefabInstance: {fileID: 0}
  m_PrefabAsset: {fileID: 0}
  m_GameObject: {fileID: 3836387820450886752}
  m_Mesh: {fileID: 4300000, guid: 14999a6ec1f3a1a48bc94671b07d91f3, type: 3}
--- !u!23 &3755851851111932871
MeshRenderer:
  m_ObjectHideFlags: 0
  m_CorrespondingSourceObject: {fileID: 0}
  m_PrefabInstance: {fileID: 0}
  m_PrefabAsset: {fileID: 0}
  m_GameObject: {fileID: 3836387820450886752}
  m_Enabled: 1
  m_CastShadows: 1
  m_ReceiveShadows: 1
  m_DynamicOccludee: 1
  m_MotionVectors: 1
  m_LightProbeUsage: 1
  m_ReflectionProbeUsage: 1
  m_RayTracingMode: 2
  m_RayTraceProcedural: 0
  m_RenderingLayerMask: 1
  m_RendererPriority: 0
  m_Materials:
  - {fileID: 2100000, guid: e2bd4fff034b00a43a5cad89702cb7ee, type: 2}
  m_StaticBatchInfo:
    firstSubMesh: 0
    subMeshCount: 0
  m_StaticBatchRoot: {fileID: 0}
  m_ProbeAnchor: {fileID: 0}
  m_LightProbeVolumeOverride: {fileID: 0}
  m_ScaleInLightmap: 1
  m_ReceiveGI: 1
  m_PreserveUVs: 0
  m_IgnoreNormalsForChartDetection: 0
  m_ImportantGI: 0
  m_StitchLightmapSeams: 1
  m_SelectedEditorRenderState: 3
  m_MinimumChartSize: 4
  m_AutoUVMaxDistance: 0.5
  m_AutoUVMaxAngle: 89
  m_LightmapParameters: {fileID: 0}
  m_SortingLayerID: 0
  m_SortingLayer: 0
  m_SortingOrder: 0
  m_AdditionalVertexStreams: {fileID: 0}
--- !u!64 &6091450128659282877
MeshCollider:
  m_ObjectHideFlags: 0
  m_CorrespondingSourceObject: {fileID: 0}
  m_PrefabInstance: {fileID: 0}
  m_PrefabAsset: {fileID: 0}
  m_GameObject: {fileID: 3836387820450886752}
  m_Material: {fileID: 0}
  m_IsTrigger: 0
  m_Enabled: 1
  serializedVersion: 4
  m_Convex: 0
  m_CookingOptions: 30
  m_Mesh: {fileID: 4300000, guid: 0b593c99d925e2c4689d1dcb331028a3, type: 3}
--- !u!1 &4641516236025824988
GameObject:
  m_ObjectHideFlags: 0
  m_CorrespondingSourceObject: {fileID: 0}
  m_PrefabInstance: {fileID: 0}
  m_PrefabAsset: {fileID: 0}
  serializedVersion: 6
  m_Component:
  - component: {fileID: 3073750728069813790}
  m_Layer: 0
  m_Name: Armchair (1)
  m_TagString: Untagged
  m_Icon: {fileID: 0}
  m_NavMeshLayer: 0
  m_StaticEditorFlags: 4294967295
  m_IsActive: 1
--- !u!4 &3073750728069813790
Transform:
  m_ObjectHideFlags: 0
  m_CorrespondingSourceObject: {fileID: 0}
  m_PrefabInstance: {fileID: 0}
  m_PrefabAsset: {fileID: 0}
  m_GameObject: {fileID: 4641516236025824988}
  m_LocalRotation: {x: -0, y: -0, z: -0, w: 1}
  m_LocalPosition: {x: 0.8839189, y: 14.014132, z: -36.957092}
  m_LocalScale: {x: 2, y: 2, z: 2}
  m_Children:
  - {fileID: 7876708635725158548}
  m_Father: {fileID: 5472326383386970205}
  m_RootOrder: 1
  m_LocalEulerAnglesHint: {x: 0, y: 0, z: 0}
--- !u!1 &4667805500916209271
GameObject:
  m_ObjectHideFlags: 0
  m_CorrespondingSourceObject: {fileID: 0}
  m_PrefabInstance: {fileID: 0}
  m_PrefabAsset: {fileID: 0}
  serializedVersion: 6
  m_Component:
  - component: {fileID: 7585041236232210168}
  m_Layer: 0
  m_Name: Armchair (5)
  m_TagString: Untagged
  m_Icon: {fileID: 0}
  m_NavMeshLayer: 0
  m_StaticEditorFlags: 4294967295
  m_IsActive: 1
--- !u!4 &7585041236232210168
Transform:
  m_ObjectHideFlags: 0
  m_CorrespondingSourceObject: {fileID: 0}
  m_PrefabInstance: {fileID: 0}
  m_PrefabAsset: {fileID: 0}
  m_GameObject: {fileID: 4667805500916209271}
  m_LocalRotation: {x: -0, y: 0.79730874, z: -0, w: 0.60357165}
  m_LocalPosition: {x: -0.41, y: 14.014132, z: -31.48}
  m_LocalScale: {x: 2, y: 2, z: 2}
  m_Children:
  - {fileID: 6010760770361669568}
  m_Father: {fileID: 5472326383386970205}
  m_RootOrder: 5
  m_LocalEulerAnglesHint: {x: 0, y: 105.748, z: 0}
--- !u!1 &6096756841634696787
GameObject:
  m_ObjectHideFlags: 0
  m_CorrespondingSourceObject: {fileID: 0}
  m_PrefabInstance: {fileID: 0}
  m_PrefabAsset: {fileID: 0}
  serializedVersion: 6
  m_Component:
  - component: {fileID: 8329347713300413271}
  m_Layer: 0
  m_Name: Armchair (2)
  m_TagString: Untagged
  m_Icon: {fileID: 0}
  m_NavMeshLayer: 0
  m_StaticEditorFlags: 4294967295
  m_IsActive: 1
--- !u!4 &8329347713300413271
Transform:
  m_ObjectHideFlags: 0
  m_CorrespondingSourceObject: {fileID: 0}
  m_PrefabInstance: {fileID: 0}
  m_PrefabAsset: {fileID: 0}
  m_GameObject: {fileID: 6096756841634696787}
  m_LocalRotation: {x: -0, y: -0, z: -0, w: 1}
  m_LocalPosition: {x: 4.84, y: 14.014132, z: -36.957092}
  m_LocalScale: {x: 2, y: 2, z: 2}
  m_Children:
  - {fileID: 2002189452939101598}
  m_Father: {fileID: 5472326383386970205}
  m_RootOrder: 2
  m_LocalEulerAnglesHint: {x: 0, y: 0, z: 0}
--- !u!1 &6337091026654457873
GameObject:
  m_ObjectHideFlags: 0
  m_CorrespondingSourceObject: {fileID: 0}
  m_PrefabInstance: {fileID: 0}
  m_PrefabAsset: {fileID: 0}
  serializedVersion: 6
  m_Component:
  - component: {fileID: 6010760770361669568}
  - component: {fileID: 6530181458166559562}
  - component: {fileID: 1416761246904160731}
  - component: {fileID: 2383310607754467669}
  m_Layer: 0
  m_Name: Armchair Mesh
  m_TagString: Untagged
  m_Icon: {fileID: 0}
  m_NavMeshLayer: 0
  m_StaticEditorFlags: 4294967295
  m_IsActive: 1
--- !u!4 &6010760770361669568
Transform:
  m_ObjectHideFlags: 0
  m_CorrespondingSourceObject: {fileID: 0}
  m_PrefabInstance: {fileID: 0}
  m_PrefabAsset: {fileID: 0}
  m_GameObject: {fileID: 6337091026654457873}
  m_LocalRotation: {x: -0.000058075333, y: -0.14327507, z: -0.0000015065436, w: 0.9896829}
  m_LocalPosition: {x: 0.55, y: 0, z: -0.13}
  m_LocalScale: {x: 1, y: 1, z: 1}
  m_Children: []
  m_Father: {fileID: 7585041236232210168}
  m_RootOrder: 0
  m_LocalEulerAnglesHint: {x: -0.007, y: -16.475, z: 0.001}
--- !u!33 &6530181458166559562
MeshFilter:
  m_ObjectHideFlags: 0
  m_CorrespondingSourceObject: {fileID: 0}
  m_PrefabInstance: {fileID: 0}
  m_PrefabAsset: {fileID: 0}
  m_GameObject: {fileID: 6337091026654457873}
  m_Mesh: {fileID: 4300000, guid: 14999a6ec1f3a1a48bc94671b07d91f3, type: 3}
--- !u!23 &1416761246904160731
MeshRenderer:
  m_ObjectHideFlags: 0
  m_CorrespondingSourceObject: {fileID: 0}
  m_PrefabInstance: {fileID: 0}
  m_PrefabAsset: {fileID: 0}
  m_GameObject: {fileID: 6337091026654457873}
  m_Enabled: 1
  m_CastShadows: 1
  m_ReceiveShadows: 1
  m_DynamicOccludee: 1
  m_MotionVectors: 1
  m_LightProbeUsage: 1
  m_ReflectionProbeUsage: 1
  m_RayTracingMode: 2
  m_RayTraceProcedural: 0
  m_RenderingLayerMask: 1
  m_RendererPriority: 0
  m_Materials:
  - {fileID: 2100000, guid: e2bd4fff034b00a43a5cad89702cb7ee, type: 2}
  m_StaticBatchInfo:
    firstSubMesh: 0
    subMeshCount: 0
  m_StaticBatchRoot: {fileID: 0}
  m_ProbeAnchor: {fileID: 0}
  m_LightProbeVolumeOverride: {fileID: 0}
  m_ScaleInLightmap: 1
  m_ReceiveGI: 1
  m_PreserveUVs: 0
  m_IgnoreNormalsForChartDetection: 0
  m_ImportantGI: 0
  m_StitchLightmapSeams: 1
  m_SelectedEditorRenderState: 3
  m_MinimumChartSize: 4
  m_AutoUVMaxDistance: 0.5
  m_AutoUVMaxAngle: 89
  m_LightmapParameters: {fileID: 0}
  m_SortingLayerID: 0
  m_SortingLayer: 0
  m_SortingOrder: 0
  m_AdditionalVertexStreams: {fileID: 0}
--- !u!64 &2383310607754467669
MeshCollider:
  m_ObjectHideFlags: 0
  m_CorrespondingSourceObject: {fileID: 0}
  m_PrefabInstance: {fileID: 0}
  m_PrefabAsset: {fileID: 0}
  m_GameObject: {fileID: 6337091026654457873}
  m_Material: {fileID: 0}
  m_IsTrigger: 0
  m_Enabled: 1
  serializedVersion: 4
  m_Convex: 0
  m_CookingOptions: 30
  m_Mesh: {fileID: 4300000, guid: 0b593c99d925e2c4689d1dcb331028a3, type: 3}
--- !u!1 &7175196888101976600
GameObject:
  m_ObjectHideFlags: 0
  m_CorrespondingSourceObject: {fileID: 0}
  m_PrefabInstance: {fileID: 0}
  m_PrefabAsset: {fileID: 0}
  serializedVersion: 6
  m_Component:
  - component: {fileID: 6583460051683005274}
  m_Layer: 0
  m_Name: Armchair (3)
  m_TagString: Untagged
  m_Icon: {fileID: 0}
  m_NavMeshLayer: 0
  m_StaticEditorFlags: 4294967295
  m_IsActive: 1
--- !u!4 &6583460051683005274
Transform:
  m_ObjectHideFlags: 0
  m_CorrespondingSourceObject: {fileID: 0}
  m_PrefabInstance: {fileID: 0}
  m_PrefabAsset: {fileID: 0}
  m_GameObject: {fileID: 7175196888101976600}
  m_LocalRotation: {x: -0, y: -0, z: -0, w: 1}
  m_LocalPosition: {x: 2.85, y: 14.014132, z: -36.957092}
  m_LocalScale: {x: 2, y: 2, z: 2}
  m_Children:
  - {fileID: 4054126232442024581}
  m_Father: {fileID: 5472326383386970205}
  m_RootOrder: 3
  m_LocalEulerAnglesHint: {x: 0, y: 0, z: 0}
--- !u!1 &8238340454564821096
GameObject:
  m_ObjectHideFlags: 0
  m_CorrespondingSourceObject: {fileID: 0}
  m_PrefabInstance: {fileID: 0}
  m_PrefabAsset: {fileID: 0}
  serializedVersion: 6
  m_Component:
  - component: {fileID: 3488272700060017578}
  m_Layer: 0
  m_Name: Armchair (4)
  m_TagString: Untagged
  m_Icon: {fileID: 0}
  m_NavMeshLayer: 0
  m_StaticEditorFlags: 4294967295
  m_IsActive: 1
--- !u!4 &3488272700060017578
Transform:
  m_ObjectHideFlags: 0
  m_CorrespondingSourceObject: {fileID: 0}
  m_PrefabInstance: {fileID: 0}
  m_PrefabAsset: {fileID: 0}
  m_GameObject: {fileID: 8238340454564821096}
  m_LocalRotation: {x: -0, y: 0.79730874, z: -0, w: 0.60357165}
  m_LocalPosition: {x: 0.09, y: 14.014132, z: -29.51}
  m_LocalScale: {x: 2, y: 2, z: 2}
  m_Children:
  - {fileID: 8339662181795875647}
  m_Father: {fileID: 5472326383386970205}
  m_RootOrder: 4
  m_LocalEulerAnglesHint: {x: 0, y: 105.748, z: 0}
--- !u!1 &8555665821326413927
GameObject:
  m_ObjectHideFlags: 0
  m_CorrespondingSourceObject: {fileID: 0}
  m_PrefabInstance: {fileID: 0}
  m_PrefabAsset: {fileID: 0}
  serializedVersion: 6
  m_Component:
  - component: {fileID: 5472326383386970205}
  m_Layer: 0
  m_Name: SeatingArea
  m_TagString: Untagged
  m_Icon: {fileID: 0}
  m_NavMeshLayer: 0
  m_StaticEditorFlags: 0
  m_IsActive: 1
--- !u!4 &5472326383386970205
Transform:
  m_ObjectHideFlags: 0
  m_CorrespondingSourceObject: {fileID: 0}
  m_PrefabInstance: {fileID: 0}
  m_PrefabAsset: {fileID: 0}
  m_GameObject: {fileID: 8555665821326413927}
  m_LocalRotation: {x: -0, y: -0, z: -0, w: 1}
  m_LocalPosition: {x: -7.2, y: -13.914132, z: 11.2}
  m_LocalScale: {x: 1, y: 1, z: 1}
  m_Children:
  - {fileID: 6271909795538694548}
  - {fileID: 3073750728069813790}
  - {fileID: 8329347713300413271}
  - {fileID: 6583460051683005274}
  - {fileID: 3488272700060017578}
  - {fileID: 7585041236232210168}
  - {fileID: 3649181221593791645}
  - {fileID: 3649181222167200756}
  - {fileID: 3649181223125915697}
  m_Father: {fileID: 0}
  m_RootOrder: 0
  m_LocalEulerAnglesHint: {x: 0, y: 0, z: 0}
--- !u!1 &8760414642282419396
GameObject:
  m_ObjectHideFlags: 0
  m_CorrespondingSourceObject: {fileID: 0}
  m_PrefabInstance: {fileID: 0}
  m_PrefabAsset: {fileID: 0}
  serializedVersion: 6
  m_Component:
  - component: {fileID: 2002189452939101598}
  - component: {fileID: 7745844893791012027}
  - component: {fileID: 1229778266555858840}
  - component: {fileID: 5136929088073467783}
  m_Layer: 0
  m_Name: Armchair Mesh
  m_TagString: Untagged
  m_Icon: {fileID: 0}
  m_NavMeshLayer: 0
  m_StaticEditorFlags: 4294967295
  m_IsActive: 1
--- !u!4 &2002189452939101598
Transform:
  m_ObjectHideFlags: 0
  m_CorrespondingSourceObject: {fileID: 0}
  m_PrefabInstance: {fileID: 0}
  m_PrefabAsset: {fileID: 0}
  m_GameObject: {fileID: 8760414642282419396}
  m_LocalRotation: {x: 0, y: -0, z: -0, w: 1}
  m_LocalPosition: {x: -0, y: 0, z: 0}
  m_LocalScale: {x: 1, y: 1, z: 1}
  m_Children: []
  m_Father: {fileID: 8329347713300413271}
  m_RootOrder: 0
  m_LocalEulerAnglesHint: {x: 0, y: 0, z: 0}
--- !u!33 &7745844893791012027
MeshFilter:
  m_ObjectHideFlags: 0
  m_CorrespondingSourceObject: {fileID: 0}
  m_PrefabInstance: {fileID: 0}
  m_PrefabAsset: {fileID: 0}
  m_GameObject: {fileID: 8760414642282419396}
  m_Mesh: {fileID: 4300000, guid: 14999a6ec1f3a1a48bc94671b07d91f3, type: 3}
--- !u!23 &1229778266555858840
MeshRenderer:
  m_ObjectHideFlags: 0
  m_CorrespondingSourceObject: {fileID: 0}
  m_PrefabInstance: {fileID: 0}
  m_PrefabAsset: {fileID: 0}
  m_GameObject: {fileID: 8760414642282419396}
  m_Enabled: 1
  m_CastShadows: 1
  m_ReceiveShadows: 1
  m_DynamicOccludee: 1
  m_MotionVectors: 1
  m_LightProbeUsage: 1
  m_ReflectionProbeUsage: 1
  m_RayTracingMode: 2
  m_RayTraceProcedural: 0
  m_RenderingLayerMask: 1
  m_RendererPriority: 0
  m_Materials:
  - {fileID: 2100000, guid: e2bd4fff034b00a43a5cad89702cb7ee, type: 2}
  m_StaticBatchInfo:
    firstSubMesh: 0
    subMeshCount: 0
  m_StaticBatchRoot: {fileID: 0}
  m_ProbeAnchor: {fileID: 0}
  m_LightProbeVolumeOverride: {fileID: 0}
  m_ScaleInLightmap: 1
  m_ReceiveGI: 1
  m_PreserveUVs: 0
  m_IgnoreNormalsForChartDetection: 0
  m_ImportantGI: 0
  m_StitchLightmapSeams: 1
  m_SelectedEditorRenderState: 3
  m_MinimumChartSize: 4
  m_AutoUVMaxDistance: 0.5
  m_AutoUVMaxAngle: 89
  m_LightmapParameters: {fileID: 0}
  m_SortingLayerID: 0
  m_SortingLayer: 0
  m_SortingOrder: 0
  m_AdditionalVertexStreams: {fileID: 0}
--- !u!64 &5136929088073467783
MeshCollider:
  m_ObjectHideFlags: 0
  m_CorrespondingSourceObject: {fileID: 0}
  m_PrefabInstance: {fileID: 0}
  m_PrefabAsset: {fileID: 0}
  m_GameObject: {fileID: 8760414642282419396}
  m_Material: {fileID: 0}
  m_IsTrigger: 0
  m_Enabled: 1
  serializedVersion: 4
  m_Convex: 0
  m_CookingOptions: 30
  m_Mesh: {fileID: 4300000, guid: 0b593c99d925e2c4689d1dcb331028a3, type: 3}
--- !u!1 &9044979290429222964
GameObject:
  m_ObjectHideFlags: 0
  m_CorrespondingSourceObject: {fileID: 0}
  m_PrefabInstance: {fileID: 0}
  m_PrefabAsset: {fileID: 0}
  serializedVersion: 6
  m_Component:
  - component: {fileID: 7876708635725158548}
  - component: {fileID: 5416074526918268823}
  - component: {fileID: 4528372769138646717}
  - component: {fileID: 1025639537472343558}
  m_Layer: 0
  m_Name: Armchair Mesh
  m_TagString: Untagged
  m_Icon: {fileID: 0}
  m_NavMeshLayer: 0
  m_StaticEditorFlags: 4294967295
  m_IsActive: 1
--- !u!4 &7876708635725158548
Transform:
  m_ObjectHideFlags: 0
  m_CorrespondingSourceObject: {fileID: 0}
  m_PrefabInstance: {fileID: 0}
  m_PrefabAsset: {fileID: 0}
  m_GameObject: {fileID: 9044979290429222964}
  m_LocalRotation: {x: 0, y: -0, z: -0, w: 1}
  m_LocalPosition: {x: -0, y: 0, z: 0}
  m_LocalScale: {x: 1, y: 1, z: 1}
  m_Children: []
  m_Father: {fileID: 3073750728069813790}
  m_RootOrder: 0
  m_LocalEulerAnglesHint: {x: 0, y: 0, z: 0}
--- !u!33 &5416074526918268823
MeshFilter:
  m_ObjectHideFlags: 0
  m_CorrespondingSourceObject: {fileID: 0}
  m_PrefabInstance: {fileID: 0}
  m_PrefabAsset: {fileID: 0}
  m_GameObject: {fileID: 9044979290429222964}
  m_Mesh: {fileID: 4300000, guid: 14999a6ec1f3a1a48bc94671b07d91f3, type: 3}
--- !u!23 &4528372769138646717
MeshRenderer:
  m_ObjectHideFlags: 0
  m_CorrespondingSourceObject: {fileID: 0}
  m_PrefabInstance: {fileID: 0}
  m_PrefabAsset: {fileID: 0}
  m_GameObject: {fileID: 9044979290429222964}
  m_Enabled: 1
  m_CastShadows: 1
  m_ReceiveShadows: 1
  m_DynamicOccludee: 1
  m_MotionVectors: 1
  m_LightProbeUsage: 1
  m_ReflectionProbeUsage: 1
  m_RayTracingMode: 2
  m_RayTraceProcedural: 0
  m_RenderingLayerMask: 1
  m_RendererPriority: 0
  m_Materials:
  - {fileID: 2100000, guid: e2bd4fff034b00a43a5cad89702cb7ee, type: 2}
  m_StaticBatchInfo:
    firstSubMesh: 0
    subMeshCount: 0
  m_StaticBatchRoot: {fileID: 0}
  m_ProbeAnchor: {fileID: 0}
  m_LightProbeVolumeOverride: {fileID: 0}
  m_ScaleInLightmap: 1
  m_ReceiveGI: 1
  m_PreserveUVs: 0
  m_IgnoreNormalsForChartDetection: 0
  m_ImportantGI: 0
  m_StitchLightmapSeams: 1
  m_SelectedEditorRenderState: 3
  m_MinimumChartSize: 4
  m_AutoUVMaxDistance: 0.5
  m_AutoUVMaxAngle: 89
  m_LightmapParameters: {fileID: 0}
  m_SortingLayerID: 0
  m_SortingLayer: 0
  m_SortingOrder: 0
  m_AdditionalVertexStreams: {fileID: 0}
--- !u!64 &1025639537472343558
MeshCollider:
  m_ObjectHideFlags: 0
  m_CorrespondingSourceObject: {fileID: 0}
  m_PrefabInstance: {fileID: 0}
  m_PrefabAsset: {fileID: 0}
  m_GameObject: {fileID: 9044979290429222964}
  m_Material: {fileID: 0}
  m_IsTrigger: 0
  m_Enabled: 1
  serializedVersion: 4
  m_Convex: 0
  m_CookingOptions: 30
  m_Mesh: {fileID: 4300000, guid: 0b593c99d925e2c4689d1dcb331028a3, type: 3}
--- !u!1001 &5295263710585152194
PrefabInstance:
  m_ObjectHideFlags: 0
  serializedVersion: 2
  m_Modification:
    m_TransformParent: {fileID: 5472326383386970205}
    m_Modifications:
    - target: {fileID: 8924147328396108169, guid: 451807bd3aa44444e8c77b3c2e238ac7, type: 3}
      propertyPath: m_LocalPosition.x
      value: 0.45
      objectReference: {fileID: 0}
    - target: {fileID: 8924147328396108169, guid: 451807bd3aa44444e8c77b3c2e238ac7, type: 3}
      propertyPath: m_LocalPosition.z
      value: 0.13
      objectReference: {fileID: 0}
    - target: {fileID: 8924147328396108169, guid: 451807bd3aa44444e8c77b3c2e238ac7, type: 3}
      propertyPath: m_LocalRotation.w
      value: 0.9907374
      objectReference: {fileID: 0}
    - target: {fileID: 8924147328396108169, guid: 451807bd3aa44444e8c77b3c2e238ac7, type: 3}
      propertyPath: m_LocalRotation.x
      value: -0
      objectReference: {fileID: 0}
    - target: {fileID: 8924147328396108169, guid: 451807bd3aa44444e8c77b3c2e238ac7, type: 3}
      propertyPath: m_LocalRotation.y
      value: -0.1357918
      objectReference: {fileID: 0}
    - target: {fileID: 8924147328396108169, guid: 451807bd3aa44444e8c77b3c2e238ac7, type: 3}
      propertyPath: m_LocalEulerAnglesHint.y
      value: -15.609
      objectReference: {fileID: 0}
    - target: {fileID: 8924147329485545781, guid: 451807bd3aa44444e8c77b3c2e238ac7, type: 3}
      propertyPath: m_Name
      value: Armchair (7)
      objectReference: {fileID: 0}
    - target: {fileID: 8924147329485545782, guid: 451807bd3aa44444e8c77b3c2e238ac7, type: 3}
      propertyPath: m_RootOrder
      value: 7
      objectReference: {fileID: 0}
    - target: {fileID: 8924147329485545782, guid: 451807bd3aa44444e8c77b3c2e238ac7, type: 3}
      propertyPath: m_LocalScale.x
      value: 2
      objectReference: {fileID: 0}
    - target: {fileID: 8924147329485545782, guid: 451807bd3aa44444e8c77b3c2e238ac7, type: 3}
      propertyPath: m_LocalScale.y
      value: 2
      objectReference: {fileID: 0}
    - target: {fileID: 8924147329485545782, guid: 451807bd3aa44444e8c77b3c2e238ac7, type: 3}
      propertyPath: m_LocalScale.z
      value: 2
      objectReference: {fileID: 0}
    - target: {fileID: 8924147329485545782, guid: 451807bd3aa44444e8c77b3c2e238ac7, type: 3}
      propertyPath: m_LocalPosition.x
      value: 7.45
      objectReference: {fileID: 0}
    - target: {fileID: 8924147329485545782, guid: 451807bd3aa44444e8c77b3c2e238ac7, type: 3}
      propertyPath: m_LocalPosition.y
      value: 14.014132
      objectReference: {fileID: 0}
    - target: {fileID: 8924147329485545782, guid: 451807bd3aa44444e8c77b3c2e238ac7, type: 3}
      propertyPath: m_LocalPosition.z
      value: -33.4
      objectReference: {fileID: 0}
    - target: {fileID: 8924147329485545782, guid: 451807bd3aa44444e8c77b3c2e238ac7, type: 3}
      propertyPath: m_LocalRotation.w
      value: 0.80006814
      objectReference: {fileID: 0}
    - target: {fileID: 8924147329485545782, guid: 451807bd3aa44444e8c77b3c2e238ac7, type: 3}
      propertyPath: m_LocalRotation.x
      value: -0
      objectReference: {fileID: 0}
    - target: {fileID: 8924147329485545782, guid: 451807bd3aa44444e8c77b3c2e238ac7, type: 3}
      propertyPath: m_LocalRotation.y
      value: -0.5999092
      objectReference: {fileID: 0}
    - target: {fileID: 8924147329485545782, guid: 451807bd3aa44444e8c77b3c2e238ac7, type: 3}
      propertyPath: m_LocalRotation.z
      value: -0
      objectReference: {fileID: 0}
    - target: {fileID: 8924147329485545782, guid: 451807bd3aa44444e8c77b3c2e238ac7, type: 3}
      propertyPath: m_LocalEulerAnglesHint.x
      value: 0
      objectReference: {fileID: 0}
    - target: {fileID: 8924147329485545782, guid: 451807bd3aa44444e8c77b3c2e238ac7, type: 3}
      propertyPath: m_LocalEulerAnglesHint.y
      value: -73.727
      objectReference: {fileID: 0}
    - target: {fileID: 8924147329485545782, guid: 451807bd3aa44444e8c77b3c2e238ac7, type: 3}
      propertyPath: m_LocalEulerAnglesHint.z
      value: 0
      objectReference: {fileID: 0}
    m_RemovedComponents: []
  m_SourcePrefab: {fileID: 100100000, guid: 451807bd3aa44444e8c77b3c2e238ac7, type: 3}
--- !u!4 &3649181222167200756 stripped
Transform:
  m_CorrespondingSourceObject: {fileID: 8924147329485545782, guid: 451807bd3aa44444e8c77b3c2e238ac7, type: 3}
  m_PrefabInstance: {fileID: 5295263710585152194}
  m_PrefabAsset: {fileID: 0}
--- !u!1001 &5295263711237159175
PrefabInstance:
  m_ObjectHideFlags: 0
  serializedVersion: 2
  m_Modification:
    m_TransformParent: {fileID: 5472326383386970205}
    m_Modifications:
    - target: {fileID: 8924147328396108169, guid: 451807bd3aa44444e8c77b3c2e238ac7, type: 3}
      propertyPath: m_LocalPosition.x
      value: 0.45
      objectReference: {fileID: 0}
    - target: {fileID: 8924147328396108169, guid: 451807bd3aa44444e8c77b3c2e238ac7, type: 3}
      propertyPath: m_LocalPosition.z
      value: 0.13
      objectReference: {fileID: 0}
    - target: {fileID: 8924147328396108169, guid: 451807bd3aa44444e8c77b3c2e238ac7, type: 3}
      propertyPath: m_LocalRotation.w
      value: 0.9907374
      objectReference: {fileID: 0}
    - target: {fileID: 8924147328396108169, guid: 451807bd3aa44444e8c77b3c2e238ac7, type: 3}
      propertyPath: m_LocalRotation.x
      value: -0
      objectReference: {fileID: 0}
    - target: {fileID: 8924147328396108169, guid: 451807bd3aa44444e8c77b3c2e238ac7, type: 3}
      propertyPath: m_LocalRotation.y
      value: -0.1357918
      objectReference: {fileID: 0}
    - target: {fileID: 8924147328396108169, guid: 451807bd3aa44444e8c77b3c2e238ac7, type: 3}
      propertyPath: m_LocalEulerAnglesHint.y
      value: -15.609
      objectReference: {fileID: 0}
    - target: {fileID: 8924147329485545781, guid: 451807bd3aa44444e8c77b3c2e238ac7, type: 3}
      propertyPath: m_Name
      value: Armchair (8)
      objectReference: {fileID: 0}
    - target: {fileID: 8924147329485545782, guid: 451807bd3aa44444e8c77b3c2e238ac7, type: 3}
      propertyPath: m_RootOrder
      value: 8
      objectReference: {fileID: 0}
    - target: {fileID: 8924147329485545782, guid: 451807bd3aa44444e8c77b3c2e238ac7, type: 3}
      propertyPath: m_LocalScale.x
      value: 2
      objectReference: {fileID: 0}
    - target: {fileID: 8924147329485545782, guid: 451807bd3aa44444e8c77b3c2e238ac7, type: 3}
      propertyPath: m_LocalScale.y
      value: 2
      objectReference: {fileID: 0}
    - target: {fileID: 8924147329485545782, guid: 451807bd3aa44444e8c77b3c2e238ac7, type: 3}
      propertyPath: m_LocalScale.z
      value: 2
      objectReference: {fileID: 0}
    - target: {fileID: 8924147329485545782, guid: 451807bd3aa44444e8c77b3c2e238ac7, type: 3}
      propertyPath: m_LocalPosition.x
      value: 7.46
      objectReference: {fileID: 0}
    - target: {fileID: 8924147329485545782, guid: 451807bd3aa44444e8c77b3c2e238ac7, type: 3}
      propertyPath: m_LocalPosition.y
      value: 14.014132
      objectReference: {fileID: 0}
    - target: {fileID: 8924147329485545782, guid: 451807bd3aa44444e8c77b3c2e238ac7, type: 3}
      propertyPath: m_LocalPosition.z
      value: -31.39
      objectReference: {fileID: 0}
    - target: {fileID: 8924147329485545782, guid: 451807bd3aa44444e8c77b3c2e238ac7, type: 3}
      propertyPath: m_LocalRotation.w
      value: 0.80006814
      objectReference: {fileID: 0}
    - target: {fileID: 8924147329485545782, guid: 451807bd3aa44444e8c77b3c2e238ac7, type: 3}
      propertyPath: m_LocalRotation.x
      value: -0
      objectReference: {fileID: 0}
    - target: {fileID: 8924147329485545782, guid: 451807bd3aa44444e8c77b3c2e238ac7, type: 3}
      propertyPath: m_LocalRotation.y
      value: -0.5999092
      objectReference: {fileID: 0}
    - target: {fileID: 8924147329485545782, guid: 451807bd3aa44444e8c77b3c2e238ac7, type: 3}
      propertyPath: m_LocalRotation.z
      value: -0
      objectReference: {fileID: 0}
    - target: {fileID: 8924147329485545782, guid: 451807bd3aa44444e8c77b3c2e238ac7, type: 3}
      propertyPath: m_LocalEulerAnglesHint.x
      value: 0
      objectReference: {fileID: 0}
    - target: {fileID: 8924147329485545782, guid: 451807bd3aa44444e8c77b3c2e238ac7, type: 3}
      propertyPath: m_LocalEulerAnglesHint.y
      value: -73.727
      objectReference: {fileID: 0}
    - target: {fileID: 8924147329485545782, guid: 451807bd3aa44444e8c77b3c2e238ac7, type: 3}
      propertyPath: m_LocalEulerAnglesHint.z
      value: 0
      objectReference: {fileID: 0}
    m_RemovedComponents: []
  m_SourcePrefab: {fileID: 100100000, guid: 451807bd3aa44444e8c77b3c2e238ac7, type: 3}
--- !u!4 &3649181223125915697 stripped
Transform:
  m_CorrespondingSourceObject: {fileID: 8924147329485545782, guid: 451807bd3aa44444e8c77b3c2e238ac7, type: 3}
  m_PrefabInstance: {fileID: 5295263711237159175}
  m_PrefabAsset: {fileID: 0}
--- !u!1001 &5295263712157048235
PrefabInstance:
  m_ObjectHideFlags: 0
  serializedVersion: 2
  m_Modification:
    m_TransformParent: {fileID: 5472326383386970205}
    m_Modifications:
    - target: {fileID: 8924147328396108169, guid: 451807bd3aa44444e8c77b3c2e238ac7, type: 3}
      propertyPath: m_LocalPosition.x
      value: 0.45
      objectReference: {fileID: 0}
    - target: {fileID: 8924147328396108169, guid: 451807bd3aa44444e8c77b3c2e238ac7, type: 3}
      propertyPath: m_LocalPosition.z
      value: 0.13
      objectReference: {fileID: 0}
    - target: {fileID: 8924147328396108169, guid: 451807bd3aa44444e8c77b3c2e238ac7, type: 3}
      propertyPath: m_LocalRotation.w
      value: 0.9907374
      objectReference: {fileID: 0}
    - target: {fileID: 8924147328396108169, guid: 451807bd3aa44444e8c77b3c2e238ac7, type: 3}
      propertyPath: m_LocalRotation.x
      value: -0
      objectReference: {fileID: 0}
    - target: {fileID: 8924147328396108169, guid: 451807bd3aa44444e8c77b3c2e238ac7, type: 3}
      propertyPath: m_LocalRotation.y
      value: -0.1357918
      objectReference: {fileID: 0}
    - target: {fileID: 8924147328396108169, guid: 451807bd3aa44444e8c77b3c2e238ac7, type: 3}
      propertyPath: m_LocalEulerAnglesHint.y
      value: -15.609
      objectReference: {fileID: 0}
    - target: {fileID: 8924147329485545781, guid: 451807bd3aa44444e8c77b3c2e238ac7, type: 3}
      propertyPath: m_Name
      value: Armchair (6)
      objectReference: {fileID: 0}
    - target: {fileID: 8924147329485545782, guid: 451807bd3aa44444e8c77b3c2e238ac7, type: 3}
      propertyPath: m_RootOrder
      value: 6
      objectReference: {fileID: 0}
    - target: {fileID: 8924147329485545782, guid: 451807bd3aa44444e8c77b3c2e238ac7, type: 3}
      propertyPath: m_LocalScale.x
      value: 2
      objectReference: {fileID: 0}
    - target: {fileID: 8924147329485545782, guid: 451807bd3aa44444e8c77b3c2e238ac7, type: 3}
      propertyPath: m_LocalScale.y
      value: 2
      objectReference: {fileID: 0}
    - target: {fileID: 8924147329485545782, guid: 451807bd3aa44444e8c77b3c2e238ac7, type: 3}
      propertyPath: m_LocalScale.z
      value: 2
      objectReference: {fileID: 0}
    - target: {fileID: 8924147329485545782, guid: 451807bd3aa44444e8c77b3c2e238ac7, type: 3}
      propertyPath: m_LocalPosition.x
      value: 7.43
      objectReference: {fileID: 0}
    - target: {fileID: 8924147329485545782, guid: 451807bd3aa44444e8c77b3c2e238ac7, type: 3}
      propertyPath: m_LocalPosition.y
      value: 14.014132
      objectReference: {fileID: 0}
    - target: {fileID: 8924147329485545782, guid: 451807bd3aa44444e8c77b3c2e238ac7, type: 3}
      propertyPath: m_LocalPosition.z
      value: -35.41
      objectReference: {fileID: 0}
    - target: {fileID: 8924147329485545782, guid: 451807bd3aa44444e8c77b3c2e238ac7, type: 3}
      propertyPath: m_LocalRotation.w
      value: 0.80006814
      objectReference: {fileID: 0}
    - target: {fileID: 8924147329485545782, guid: 451807bd3aa44444e8c77b3c2e238ac7, type: 3}
      propertyPath: m_LocalRotation.x
      value: -0
      objectReference: {fileID: 0}
    - target: {fileID: 8924147329485545782, guid: 451807bd3aa44444e8c77b3c2e238ac7, type: 3}
      propertyPath: m_LocalRotation.y
      value: -0.5999092
      objectReference: {fileID: 0}
    - target: {fileID: 8924147329485545782, guid: 451807bd3aa44444e8c77b3c2e238ac7, type: 3}
      propertyPath: m_LocalRotation.z
      value: -0
      objectReference: {fileID: 0}
    - target: {fileID: 8924147329485545782, guid: 451807bd3aa44444e8c77b3c2e238ac7, type: 3}
      propertyPath: m_LocalEulerAnglesHint.x
      value: 0
      objectReference: {fileID: 0}
    - target: {fileID: 8924147329485545782, guid: 451807bd3aa44444e8c77b3c2e238ac7, type: 3}
      propertyPath: m_LocalEulerAnglesHint.y
      value: -73.727
      objectReference: {fileID: 0}
    - target: {fileID: 8924147329485545782, guid: 451807bd3aa44444e8c77b3c2e238ac7, type: 3}
      propertyPath: m_LocalEulerAnglesHint.z
      value: 0
      objectReference: {fileID: 0}
    m_RemovedComponents: []
  m_SourcePrefab: {fileID: 100100000, guid: 451807bd3aa44444e8c77b3c2e238ac7, type: 3}
--- !u!4 &3649181221593791645 stripped
Transform:
  m_CorrespondingSourceObject: {fileID: 8924147329485545782, guid: 451807bd3aa44444e8c77b3c2e238ac7, type: 3}
  m_PrefabInstance: {fileID: 5295263712157048235}
  m_PrefabAsset: {fileID: 0}
